1682 2979
587 151 814 185 AENEmos
833 152 915 184 [ΑΒ.
936 151 998 186 ΙΧ.

1417 153 1491 191 111

97 271 160 304 780
181 262 432 314 Palantisqne
450 262 587 302 vident
607 263 735 303 socios
758 262 986 314 hostemque
1007 269 1222 315 receptum.

176 320 225 358 Et
245 319 499 368 Mnestheus:
535 318 619 369 Quo
642 318 780 358 deinde
802 319 947 369 fugam,
973 331 1047 369 quo
1068 318 1258 358 tenditis?
1287 317 1427 372 inquit.

180 374 285 424 Quos
307 373 405 413 alios
427 387 576 421 muros,
602 386 699 425 quae
720 373 794 412 iam
818 373 920 411 ultra
943 373 1096 412 moenia
1119 373 1299 413 habetis?

178 430 284 470 Unus
307 430 437 477 homo,
463 435 502 467 et
523 429 684 477 vestris,
710 442 732 467 ο
755 427 878 473 cives,
909 428 1077 479 undique
1096 436 1257 480 saeptus

176 484 414 538 Aggeribus,
443 491 573 523 tantas
594 491 747 536 strages
768 483 914 536 inpune
937 496 1005 535 per
1028 483 1162 523 urbem

97 547 158 579 785
180 540 385 580 Ediderit?
414 540 599 579 iuvenum
623 539 768 592 primos
794 546 850 578 tot
873 539 1027 578 miserit
1048 538 1176 578 Orco?

176 594 263 635 Non
285 595 452 634 infelicis
476 598 623 648 patriae
644 593 901 649 {seterumque
923 595 1082 634 deorum

176 652 226 690 Et
248 651 375 704 magni
397 651 571 699 Aeneae,
597 664 755 703 segnes,
781 648 1017 702 miseretque
1040 651 1259 703 pudetque?

178 706 340 747 Talibus
363 707 519 746 accensi
544 707 761 755 firmantur,
787 713 826 745 et
845 706 999 758 agmine
1021 706 1141 745 denso

179 762 423 801 Consistunt.
467 762 625 801 Turnus
648 762 830 814 paulatim
854 763 1050 800 excedere
1073 776 1199 814 pugna
1237 780 1243 784 ·

96 825 159 857 790
180 819 229 857 Et
251 817 410 857 fluvium
434 824 578 870 petere
588 832 631 857 ac
653 824 815 869 partem,
845 830 940 869 quae
963 817 1134 869 cingitur
1156 818 1272 857 unda.

177 873 319 913 Acrius
342 873 414 912 hoc
437 873 579 912 Teucri
602 873 771 912 clamore
793 873 1021 912 incumbere
1045 887 1199 926 magno,

176 929 226 968 Et
246 929 467 980 glomerare
489 942 668 967 manum:
703 941 775 967 ceu
798 941 959 968 saevum
983 928 1095 968 turba
1116 930 1271 969 leonem

181 984 276 1023 Cum
300 984 387 1023 telis
410 983 550 1036 premit
570 984 760 1033 infensis3
795 991 833 1023 at
854 984 1015 1023 territus
1037 984 1119 1033 ille,

176 1038 317 1092 Asper,
343 1039 486 1079 acerba
508 1046 636 1087 tuens,
662 1046 771 1078 retro
793 1040 917 1089 redit,
951 1047 990 1079 et
1010 1053 1135 1092 neque
1158 1048 1270 1093 terga

95 1103 157 1135 795
180 1095 239 1134 Ira
265 1095 358 1134 dare
380 1102 446 1134 aut
466 1094 594 1134 virtus
617 1096 778 1148 patitur,
802 1108 873 1134 nec
895 1097 1055 1134 tendere
1075 1098 1214 1136 'contra

176 1150 244 1190 Ille
267 1152 434 1202 quidem,
462 1150 731 1203 hoc‘cupiens‚
758 1152 856 1203 potis
880 1158 938 1190 est
960 1164 1029 1203 per
1050 1152 1127 1191 tela
1148 1153 1350 1204 virosque.

176 1206 283 1246 Haud
307 1206 422 1245 aliter
442 1213 550 1245 retro
572 1206 710 1246 dubius
731 1207 900 1258 vestigia
921 1207 1078 1246 Turnus

178 1262 431 1314 Inproperata
452 1262 588 1309 refert,
614 1269 650 1301 et
673 1275 783 1301 mens
806 1268 1016 1301 exaestuat
1037 1262 1111 1301 ira.

178 1318 277 1368 Quin
299 1318 416 1356 etiam
439 1318 498 1356 bis
520 1324 600 1356 tuni
624 1317 772 1356 medios
793 1317 996 1357 invaserat
1023 1317 1161 1366 hostis,

93 1381 156 1412 800
178 1373 242 1412 Bis
266 1375 427 1413 confusa
450 1374 539 1426 fuga
561 1386 630 1426 per
650 1387 783 1413 muros
806 1374 960 1427 agmina
982 1374 1126 1422 vertit3

176 1428 251 1468 Sed
272 1443 409 1468 manus
432 1441 452 1467 e
475 1429 617 1469 castris
642 1443 804 1481 propere
820 1429 905 1481 coit
928 1430 1055 1468 omnis
1077 1430 1117 1468 in
1140 1443 1275 1478 unum,

173 1484 257 1525 Nec
279 1492 415 1524 contra
438 1484 532 1524 viris
557 1485 674 1525 audet
695 1484 878 1524 Saturnia
901 1485 996 1524 Iuno

175 1540 390 1589 Sufficere3
425 1540 570 1579 aeriam
593 1541 702 1579 caelo
724 1554 812 1579 nam
836 1540 1008 1592 Iuppiter
1030 1539 1122 1578 Irim

175 1595 358 1644 Demisit,
384 1608 594 1647 germanae
616 1596 718 1635 haud
739 1596 870 1635 mollia
891 1595 1001 1635 iussa
1024 1597 1230 1644 ferentem,

93 1658 156 1690 805
177 1650 227 1690 Ni
248 1651 404 1691 Turnus
427 1653 539 1691 cedat
560 1651 802 1690 Teucrorum
826 1651 1028 1690 moenibus
1051 1651 1157 1691 altis.

174 1707 280 1758 Ergo
303 1721 377 1746 nec
397 1706 522 1759 clipeo
544 1707 698 1746 iuvenis
721 1707 935 1747 subsistere
958 1714 1106 1747 tantum

174 1762 257 1802 Nee
278 1762 419 1802 dextra
441 1762 569 1801 valet:
602 1762 758 1802 iniectis
780 1762 838 1803 sic
861 1763 1030 1815 undique
1053 1763 1142 1802 telis

176 1817 378 1857 Obruitur.
423 1817 571 1871 Strepit
589 1818 749 1858 adsiduo
772 1832 865 1858 cava
888 1825 1064 1871 tempora
1086 1818 1231 1858 circum

175 1873 334 1913 Tinnitu
355 1874 485 1927 galea,
510 1880 548 1913 et
569 1875 681 1914 saxis
703 1874 825 1914 solida
849 1887 941 1914 aera
965 1874 1175 1925 fatiscunt3

89 2006 164 2028 zum
176 1995 356 2027 Wohnaut
374 2005 540 2037 spannen,
559 1997 629 2037 vgl.
643 1997 681 2028 A.
698 1995 753 2037 IV,

92 2042 169 2073 506.
197 2040 238 2072 V.
261 2041 338 2072 536.
369 2039 424 2080 Vl,
445 2041 523 2072 353.

135 2107 169 2128 v.
200 2096 406 2135 778—895.
451 2097 591 2137 deinde,
621 2098 754 2138 wester,

91 2142 191 2179 noch,
219 2142 275 2182 vgl
310 2152 342 2173 z.
361 2142 402 2173 A.
424 2140 476 2182 lV,
497 2142 573 2173 561.
615 2141 678 2174 Mit
697 2143 757 2174 der

93 2186 182 2218 Rede
209 2187 269 2218 des
289 2185 486 2218 Mnestheus
512 2189 582 2227 vgl.
612 2188 665 2218 die
696 2188 754 2219 des

90 2232 178 2272 Ajax
209 2231 302 2262 Huni.
333 2231 371 2262 11.
400 2231 477 2271 XV,
507 2232 692 2264 733—41.
713 2251 756 2256 ——

90 2280 157 2308 vet.
179 2276 291 2316 deor„
319 2277 381 2321 der
399 2275 563 2308 penaten.
590 2295 635 2299 —
658 2287 754 2319 ogm.

91 2321 125 2353 d.
145 2332 258 2360 cons„
287 2322 355 2361 vgl.
382 2321 476 2352 Hom.
497 2321 535 2353 ΙΙ.
559 2321 598 2361 V,
614 2323 693 2354 497.
717 2341 756 2345 -

93 2366 155 2398 Μὴ
180 2366 241 2397 der
265 2366 522 2407 Bescbreibung
545 2377 618 2398 vom
647 2367 758 2399 Riiek-

91 2420 177 2451 zuge
217 2412 276 2442 des
310 2410 447 2442 Turnus
489 2412 557 2451 vgl.
595 2412 648 2444 die
682 2424 755 2444 vom

94 2455 280 2496 Riickzuge
299 2457 359 2488 «les
379 2456 503 2488 Hector
522 2456 617 2488 Hom.
641 2457 754 2497 11.X1‚

95 2500 263 2531 544—74.
287 2519 321 2523 —-
343 2511 545 2542 eeu—cum,
566 2513 594 2534 s.
617 2513 648 2534 z.
670 2504 708 2535 Α.
729 2503 753 2542 Ι,

97 2545 173 2576 148.
205 2562 245 2568 —-
274 2548 436 2583 territus,
467 2548 497 2578 d.
521 2548 553 2579 h.
578 2548 682 2579 durch
703 2549 757 2579 die

828 2001 1061 2028 unerwartete
1091 1996 1331 2037 Erscheinung
1358 1996 1390 2027 in
1411 1995 1497 2027 Ver-

828 2042 981 2081 wirrung
1021 2046 1172 2081 geselzt,
1219 2042 1292 2073 also
1334 2041 1492 2072 ziemlieh

827 2087 937 2127 gleich
972 2087 1047 2117 dem
1073 2087 1205 2117 dubius
1227 2087 1259 2118 in
1285 2097 1319 2118 v.
1347 2086 1424 2117 797.
1451 2104 1495 2108 —

827 2132 903 2167 ille,
926 2142 954 2162 s.
976 2142 1007 2163 z.
1029 2131 1068 2162 G.
1092 2131 1131 2170 ΙΙ,
1153 2132 1230 2163 435.
1252 2149 1295 2154 -—
1314 2132 1380 2163 lzoe
1398 2141 1493 2172 cup.,

827 2172 1028 2218 ἐσσύμενός
1046 2186 1127 2218 περ.
1146 2194 1191 2200 --
1217 2179 1414 2208 invaserat.
1458 2176 1492 2207 In

828 2222 993 2253 welcbein
1052 2222 1227 2262 logischeu
1278 2220 1494 2252 Verhiiltuiss

827 2268 922 2298 steht
949 2267 1064 2297 dieser
1084 2267 1165 2298 Satz
1193 2277 1233 2297 zu
1262 2267 1337 2297 dein
1365 2265 1497 2305 folgen-

828 2312 917 2342 den?
941 2329 986 2334 -—-
1016 2314 1102 2342 viris
1128 2312 1256 2352 suffic„
1287 2311 1354 2350 vgl.
1382 2312 1423 2342 A.
1455 2310 1495 2351 ΙΙ,

829 2356 907 2388 617.
928 2374 968 2379 --
986 2366 1118 2397 germ„
1139 2367 1166 2388 s.
1188 2358 1228 2388 Α.
1250 2355 1327 2396 ΧΗ,
1348 2356 1426 2387 830.

872 2423 904 2443 ν.
927 2412 1113 2444 806-18.
1155 2411 1217 2444 Mit
1243 2413 1358 2443 dieser
1385 2411 1496 2444 stelle

826 2458 894 2497 vgl.
927 2457 1022 2489 Hom.
1055 2457 1092 2488 11.
1121 2457 1213 2496 XVI,
1243 2457 1426 2489 102—11.
1455 2475 1495 2480 —

826 2504 986 2542 subs-ist„
1017 2503 1090 2534 sich
1111 2503 1242 2534 hulten.
1274 2521 1312 2525 —-
1341 2506 1497 2542 tantum,

827 2558 864 2579 so
884 2548 965 2586 viel,
984 2548 1035 2578 als
1054 2558 1090 2579 es
1107 2548 1208 2579 nami.
1223 2548 1344 2588 niithig
1359 2557 1501 2580 war.—
