1682 2979
167 132 221 170 44
649 127 873 160 P.V1RG1L1
894 104 1090 160 mnoffls

172 238 254 288 Quo
272 244 310 276 te
333 250 496 288 cumque
518 236 626 276 lacus
641 267 652 286 ,
676 238 928 278 miserantem
950 237 1195 278 incommoda
1215 246 1365 288 nostra,

104 304 142 334 75
166 294 291 332 Fonte
312 298 445 340 tenet,
471 306 713 345 quocumque
735 294 818 333 solo
841 294 1125 346 pulcherrimus
1147 293 1252 342 exis,

168 349 331 400 Semper
353 347 503 386 honore
525 361 611 388 meo
627 379 637 397 ,
664 362 819 402 semper
840 349 1090 389 celebrabere
1113 349 1242 398 donis,

169 404 363 455 Corniger
384 402 640 456 Hesperidum
663 405 823 445 Fluvius
845 412 1033 458 regnator
1055 418 1256 457 aquarum.

169 458 286 499 Adsis
309 472 331 497 o
355 465 504 497 tantum
528 466 566 498 et
589 461 746 513 propius
768 468 834 500 tua
856 460 1016 501 numina
1037 461 1184 499 firmes.

171 513 234 553 Sic
256 521 471 562 memorat,
498 515 752 567 geminasque
773 516 869 568 legit
890 517 937 555 de
959 516 1085 556 classe
1108 515 1282 563 biremis,

107 577 147 608 80
169 569 424 621 Remigioque
447 577 576 621 aptat,
602 570 730 609 socios
752 570 867 610 simul
888 571 1050 610 instruit
1071 570 1206 610 armis.

285 625 388 663 Ecce
410 631 540 664 autem
562 624 729 665 subitum
751 633 863 677 atque
886 625 1009 665 oculis
1032 625 1212 664 mirabile
1234 633 1466 670 monstrum,

174 680 346 719 Candida
368 692 438 732 per
458 679 598 719 silvam
621 694 706 720 cum
731 682 811 720 fetu
833 681 1020 720 concolor
1040 680 1127 719 albo

172 735 386 775 Procubuit
406 736 600 788 viridique
621 736 661 775 in
684 736 798 776 litore
821 736 1059 789 conspicitur
1080 748 1170 776 sus:

174 790 296 841 Quam
320 790 405 843 pius
426 790 582 832 Aeneas
606 792 672 831 tibi
695 792 821 840 enim,
847 792 938 840 tibi,
963 805 1150 831 maxuma
1172 791 1283 839 Iuno,

110 855 150 886 δι’)
172 847 319 886 Mactat
334 876 344 895 ,
370 859 483 885 sacra
507 849 662 896 serens,
688 855 726 887 et
748 862 832 887 cum
855 860 974 900 grege
997 847 1099 887 sistit
1122 847 1168 886 ad
1191 860 1314 886 aram.

175 902 347 956 Thybris
369 915 415 941 ea
438 902 595 942 fluvium
611 933 620 950 ,
647 918 761 955 quam
784 903 900 955 longa
922 910 1006 951 est,
1030 910 1144 942 nocte
1167 909 1377 942 tumentem

175 958 330 1007 Leniit,
355 964 393 996 et
415 958 533 1011 tacita
554 959 723 998 refluens
745 960 799 999 ita
822 959 996 999 substitit
1018 959 1134 1006 unda,

177 1014 285 1054 Mitis
307 1020 347 1053 ut
370 1013 409 1051 in
432 1027 580 1053 morem
603 1015 729 1068 stagni
752 1015 1000 1067 placidaeque
1024 1014 1174 1066 paludis

122 1094 127 1103 ι
178 1070 383 1108 Sterneret
404 1082 552 1121 aequor
573 1070 684 1122 aquis
701 1101 710 1118 ‚
736 1084 845 1109 remo
868 1077 910 1110 ut
932 1071 1125 1109 luctamen
1148 1070 1323 1109 abesset.

115 1134 156 1165 90
178 1126 284 1178 Ergo
307 1124 383 1163 iter
405 1125 600 1178 inceptum
625 1126 801 1165 celerant
823 1138 981 1165 rumore
1003 1126 1191 1165 secundo.

176 1180 341 1220 Labitur
364 1187 477 1219 uncta
500 1181 608 1221 vadis
630 1181 763 1231 abies3
787 1181 981 1221 mirantur
1002 1188 1040 1220 et
1062 1182 1202 1229 undae,

177 1236 346 1276 Miratur
366 1249 503 1275 nemus
526 1237 719 1276 insuetum
743 1237 932 1288 fulgentia
956 1237 1071 1289 longe

181 1292 298 1331 Scuta
321 1291 452 1330 virum
475 1292 594 1331 lluvio
609 1323 618 1341 ,
645 1293 844 1346 pictasque
866 1294 1003 1332 innare
1026 1292 1194 1332 carinas.

181 1347 256 1386 Olli
278 1347 443 1399 remigio
467 1354 698 1400 noctemque
720 1349 897 1400 diemque
919 1348 1100 1401 fatigant,

115 1412 156 1442 95
178 1404 227 1442 Et
248 1403 388 1454 longos
411 1411 599 1455 superant
620 1404 746 1444 flexus
764 1434 774 1452 ,
799 1404 999 1455 variisque
1023 1409 1209 1457 teguntur

178 1458 399 1497 Arboribus
415 1488 424 1504 ,
448 1458 667 1511 viridisque
689 1466 824 1499 secant
846 1460 996 1512 placido
1021 1470 1191 1510 aequore
1213 1456 1350 1497 silvas.

180 1514 247 1553 Sol
269 1514 438 1553 inedium
462 1515 558 1554 caeli
581 1515 866 1556 conscenderat
885 1515 1024 1568 igneus
1047 1514 1196 1561 orbem,

180 1570 278 1610 Cum
300 1583 433 1610 muros
455 1583 664 1623 arcemque
685 1571 820 1625 procul
842 1585 888 1610 ac
910 1584 1000 1610 rara
1022 1571 1224 1610 domorum

182 1681 296 1711 corn„
325 1681 353 1702 s.
385 1682 416 1703 z.
448 1671 487 1703 G.
517 1671 573 1709 IV,
603 1672 679 1703 371.
704 1690 750 1695 —
776 1682 852 1713 reg.

182 1727 255 1757 aq„
276 1716 346 1755 vgl.
370 1715 409 1748 G.
432 1716 457 1757 l,
478 1717 557 1747 482.
580 1735 616 1739 —-
636 1727 757 1759 prop„
779 1728 852 1749 s.z.

181 1760 220 1791 A.
253 1760 295 1800 ll,
326 1761 404 1793 690.
433 1780 477 1785 —
504 1761 562 1793 Mil
592 1773 625 1794 v.
657 1762 697 1793 80
722 1762 790 1802 vgl.
811 1763 853 1794 A.

186 1804 244 1845 Ill,
266 1806 346 1836 471.

228 1861 262 1881 v.
285 1850 325 1881 81
341 1869 382 1874 —
398 1851 475 1882 101.
509 1861 576 1893 per
592 1852 688 1891 silv„
718 1862 746 1882 s.
769 1851 854 1882 oben

184 1905 216 1926 v.
246 1896 304 1927 43.
333 1913 378 1918 —-
407 1897 477 1927 tibi
501 1898 613 1934 enim,
653 1897 854 1936 „natiirlicb

187 1939 284 1970 dir“.
335 1942 427 1971 enim
461 1941 557 1971 dient
581 1941 665 1971 aucb
695 1942 768 1971 bier
794 1950 857 1971 zur

186 1984 428 2025 Begriindung,
449 1985 537 2016 denu
558 1995 592 2016 es
607 1986 706 2016 weist
724 1985 787 2015 aul*
802 1986 855 2016 die

184 2028 385 2061 Vorscbrift
425 2030 484 2061 des
526 2029 679 2060 Helenus
720 2031 761 2060 A.
798 2029 855 2068 ΙΙΙ,

187 2074 346 2105 437-40
367 2075 437 2114 bin,
467 2075 522 2105 ‹lie
543 2075 605 2105 den
626 2075 711 2106 Aen.
733 2084 857 2105 verau-

188 2119 302 2150 lassen
337 2129 454 2159 muss,
491 2120 564 2150 dies
591 2118 699 2160 Opl'er
731 2119 857 2159 gerade

189 2163 348 2195 derJuno
369 2174 410 2195 zu
430 2165 592 2204 bringen3
613 2164 681 2203 vgl.
698 2164 758 2195 Sil.
778 2163 855 2195 ltal.

187 2208 289 2249 Xlll,
320 2209 405 2240 136:
442 2209 601 2247 mactat,
628 2209 743 2246 Diua,
777 2210 855 2248 tz'ln',

190 2255 258 2284 tibi
283 2256 373 2284 enim
401 2255 488 2285 llaec·
503 2256 719 2295 gratissima
739 2264 855 2284 sacra.

190 2316 229 2320 —-
252 2299 401 2339 quaml.
423 2303 488 2338 est,
511 2300 580 2337 vgl.
602 2298 859 2337 A.tV,193.—

189 2343 284 2385 rest„
317 2344 349 2374 d.
370 2344 394 2375 i.
415 2344 557 2382 zuriick,
578 2344 672 2374 nicht
691 2343 859 2374 vorwiirts

190 2389 381 2419 sti-iiinend.
401 2405 446 2412 —
463 2392 577 2419 stem.
597 2399 675 2429 aeq.
697 2398 768 2429 aq„
788 2388 857 2427 vgl.

189 2435 229 2464 A.
251 2433 292 2470 V,
315 2433 393 2464 821.
420 2452 465 2456 —
490 2443 584 2464 ram.
614 2444 699 2472 sea,
729 2438 860 2472 „unter

192 2477 384 2519 freudigem
404 2478 532 2518 Rufe“‚
557 2478 626 2518 vgl.
648 2478 727 2509 Hor.
756 2478 856 2519 epist.

191 2522 218 2563 Ι,
250 2523 304 2563 10,
332 2524 374 2554 9;
404 2526 477 2555 ista
503 2523 650 2564 reliqui,
681 2524 776 2564 Quae
800 2532 860 2554 vos

925 1672 974 1703 ad
992 1671 1127 1702 caelum
1139 1672 1255 1712 sertis
1267 1679 1412 1709 ramore
1423 1670 1589 1702 serundo.

907 1716 1039 1748 .Ta‹·it.
1067 1716 1184 1747 annal.
1205 1714 1261 1755 ΙΙΙ,
1282 1714 1344 1746 29:
1370 1719 1482 1756 utque
1507 1716 1593 1746 llaec

925 1762 1079 1793 seeundo
1099 1770 1255 1800 ramore,
1276 1763 1328 1791 ita
1342 1761 1502 1791 adversis
1515 1761 1593 1790 ani-

925 1809 994 1838 mis
1020 1809 1203 1846 acceptam
1231 1804 1326 1846 qaod
1340 1807 1425 1844 ficio
1447 1804 1596 1836 Claudii

925 1861 1027 1882 socer
1052 1851 1204 1883 Seianas
1233 1850 1487 1881 destinaretur.
1529 1848 1594 1880 Ue-

927 1897 1066 1934 brigens
1094 1896 1139 1926 ist
1159 1895 1231 1924 bier
1249 1904 1392 1925 ramore
1411 1904 1494 1933 sec„
1523 1894 1592 1925 und

929 1941 1034 1979 nictit,
1055 1941 1118 1970 wie
1138 1939 1174 1969 A.
1193 1938 1238 1971 X.
1252 1939 1329 1974 266,
1351 1939 1506 1969 elamore
1522 1949 1591 1969 sec.

926 1989 1068 2024 gesagt,
1104 1984 1182 2014 weil
1211 1984 1265 2014 die
1291 1983 1460 2024 Trojaner
1485 1993 1521 2014 es
1550 1984 1593 2014 im

929 2029 1136 2060 l'eindliclien
1175 2028 1291 2059 Laude
1335 2029 1429 2059 nit-ht
1461 2038 1593 2068 wagen,

926 2075 999 2105 ihre
1017 2074 1149 2104 Frende
1170 2074 1254 2104 iiber
1273 2074 1335 2104 deu
1349 2071 1512 2104 Beistan‘d
1534 2074 1593 2104 des

926 2118 1140 2158 Flussgottes
1174 2119 1207 2148 iu
1245 2118 1370 2149 {autem
1398 2117 1595 2158 Gejauchze

928 2175 969 2194 zu
999 2164 1157 2194 {iuss-ern.
1187 2180 1232 2185 ——
1258 2166 1385 2203 aneta,
1421 2164 1481 2193 mit
1509 2162 1594 2194 Pecb

928 2209 1088 2240 niimlicli.
1116 2225 1160 2230 --
1174 2207 1293 2249 flavio
1312 2208 1357 2238 ist
1376 2207 1597 2248 mitfzzlgen-

929 2257 979 2284 lla
1000 2264 1041 2284 zu
1060 2252 1265 2284 verbinden.
1284 2255 1432 2293 κρίσι.
1455 2261 1542 2288 σωκ,
1564 2261 1593 2282 s.

929 2309 959 2330 z.
981 2299 1021 2329 Α.
1044 2297 1086 2337 V,
1107 2298 1185 2328 (563.
1206 2315 1250 2320 --
1270 2299 1337 2328 vir.
1358 2307 1426 2327 sec.
1445 2296 1493 2336 pl.
1515 2307 1592 2337 aeq.

928 2344 1022 2378 silv„
1043 2343 1074 2373 d.
1090 2343 1121 2372 b.
1139 2343 1188 2372 sie
1209 2341 1510 2373 durcbscbneiden
1531 2341 1594 2372 deu

929 2388 1074 2428 griinen,
1094 2387 1165 2418 sich
1188 2387 1228 2417 im
1251 2387 1390 2427 rubigen
1404 2384 1518 2417 Meet-e
1538 2386 1597 2416 ab-

930 2432 1153 2474 spiegelnden
1175 2431 1290 2463 wald.
1321 2449 1366 2454 —
1391 2440 1490 2470 rara,
1519 2440 1597 2461 ver-

929 2478 1060 2509 eiuzelt
1092 2476 1272 2513 steliende‚
1299 2476 1370 2516 vgl.
1392 2475 1491 2506 ovid.
1513 2475 1594 2506 fast.

927 2521 969 2559 V,
998 2522 1060 2553 93:
1094 2522 1157 2553 llic
1185 2523 1247 2552 aba·
1273 2531 1366 2552 nuuc
1390 2519 1503 2552 Roma
1529 2523 1595 2559 est,
