1682 2979
592 174 817 208 AENEIDOS
836 174 919 207 [ΑΒ.
938 174 1018 207 XII.

111 286 331 326 Vertuntnr
350 286 475 336 varii3
508 287 671 327 Rutulos
693 287 894 339 adspectat
914 292 953 324 et
976 284 1125 334 urbem,

112 342 407 395 Cunctaturque
429 349 549 390 metu,
573 343 770 394 telumque
790 342 939 381 instare
962 341 1187 390 tremescit3

68 396 75 402 ’
107 397 206 447 Nec,
233 413 306 450 quo
329 411 370 438 se
393 398 548 450 eripiat,
580 410 665 445 nec,
691 411 763 448 qua
785 396 826 436 vi
849 397 982 435 tendat
1003 396 1040 434 in
1063 395 1232 442 hostem,

106 453 191 493 Nec
213 467 353 493 currus
379 466 540 505 usquam
562 452 669 491 videt
691 452 944 505 aurigamque
966 464 1160 490 sororem.

107 509 313 549 Cunctanti
337 509 451 548 telum
475 508 629 548 Aeneas
652 508 770 547 fatale
792 513 988 555 coruscat,

106 565 276 605 Sortitus
302 566 497 604 fortunam
520 564 661 614 oculis,
687 570 726 603 et
747 577 910 616 corpore
932 570 1015 602 toto

104 621 268 660 Eminus
291 620 505 672 intorquet.
548 620 691 660 Murali
715 619 869 659 concita
893 632 1100 671 numquam

103 676 318 715 Tormento
341 676 397 715 sic
420 690 519 716 saxa
542 677 728 725 fremunt,
760 689 831 716 nec
855 676 1015 715 fulmine
1036 674 1135 714 tanti

103 732 322 772 Dissultant
344 732 529 786 crepitus.
572 732 689 771 Volat
711 733 784 772 atri
806 731 972 771 turbinis
994 731 1122 770 instar

103 788 281 828 Exitium
305 788 430 827 dirum
454 788 565 828 hasta
588 789 734 835 ferens,
760 801 928 840 orasque
950 787 1118 827 recludit

103 843 271 884 Loricac
293 851 331 883 et
354 844 467 898 clipei
490 853 691 884 extremos
714 843 979 897 septemplicis
1002 843 1122 882 orbis.

106 899 183 938 Per
204 899 372 939 medium
395 900 564 941 stridens
586 901 728 940 transit
750 902 888 939 femur.
934 899 1071 938 Incidit
1090 898 1190 938 ictus

104 955 248 1008 Ingens
271 956 318 995 ad
340 963 486 995 terram
510 956 705 1008 duplicato
730 956 874 1009 poplite
896 955 1070 994 Turnus.

106 1011 360 1065 Consurgunt
380 1013 526 1065 gemitu
548 1012 696 1061 Rutuli,
721 1019 902 1064 totusque
928 1010 1098 1063 remugit

102 1066 217 1107 Mons
241 1069 402 1116 circum,
428 1075 467 1107 et
487 1082 623 1108 vocem
647 1068 725 1107 late
748 1081 906 1107 nemora
929 1067 1007 1106 alta
1029 1066 1248 1106 remittunt.

106 1123 174 1162 lllc
198 1124 351 1163 humilis
374 1124 615 1177 supplexque
638 1125 770 1163 oculos
794 1124 1051 1175 dextramque
1073 1129 1298 1175 precantem

102 1178 364 1229 Protendens,
389 1180 579 1232 Equidem
601 1180 742 1227 merui,
769 1193 840 1218 nec
862 1180 1066 1232 deprecor,
1091 1177 1237 1229 inquit3

103 1234 223 1275 Utere
245 1242 352 1274 sorte
374 1243 457 1274 tua.
501 1236 638 1276 Miseri
661 1243 700 1276 te
721 1235 752 1274 si
777 1249 850 1287 qua
873 1235 1047 1288 parentis

103 1291 285 1344 Tangere
307 1305 399 1331 cura
424 1298 566 1344 potest,
593 1306 678 1340 oro,
704 1316 759 1321 --
780 1291 852 1330 fuit
873 1297 911 1329 et
932 1290 1000 1329 tibi
1023 1288 1113 1328 talis

101 1345 296 1387 Anchises
319 1347 478 1400 genitor
499 1371 552 1376 --
575 1348 700 1386 Dauni
724 1346 912 1386 miserere
935 1352 1134 1393 senectae,

102 1402 153 1440 Et
173 1416 250 1450 me,
276 1415 346 1442 seu
368 1416 507 1454 corpus
530 1403 736 1455 spolIatum
760 1402 905 1441 lumine
928 1401 1068 1450 mavis,

102 1458 235 1497 Redde
258 1461 368 1498 meis.
411 1458 570 1508 Vicisti,
597 1466 636 1498 et
656 1459 803 1498 victum
825 1459 987 1497 tendere
1011 1458 1156 1509 palmas

103 1514 271 1553 Ausonii
292 1514 452 1563 videre,
487 1522 552 1554 tua
575 1522 634 1554 est
654 1513 822 1553 Lavinia
844 1513 1042 1561 coniunx3

104 1569 277 1609 Ulterius
301 1583 350 1608 ne
372 1571 488 1609 tende
511 1571 626 1609 odiis.
672 1570 788 1609 Stetit
810 1583 901 1609 acer
921 1570 961 1609 in
984 1568 1103 1609 armis

101 1624 277 1674 Aeneas,
303 1626 469 1665 volvens
491 1627 642 1675 oculos,
668 1626 926 1678 dextramque
947 1623 1163 1677 repressit3

101 1681 154 1720 Et
173 1682 250 1720 iam
272 1681 425 1734 iamque
447 1683 570 1735 magis
594 1689 843 1721 cunctantem
867 1682 1023 1721 flectere
1046 1694 1175 1720 sermo

103 1736 313 1790 Coeperat,
338 1737 480 1777 infelix
503 1739 664 1778 humero
685 1753 770 1777 cum
793 1737 971 1790 adparuit
995 1736 1072 1775 alto

102 1793 262 1833 Balteus
286 1800 325 1832 et
345 1794 446 1834 notis
469 1794 664 1834 fulserunt
684 1794 835 1848 cingula
857 1793 971 1833 bullis

103 1849 292 1889 Pallantis
315 1850 438 1903 pueri,
463 1851 608 1890 victum
632 1863 744 1903 quem
768 1850 929 1889 volnere
951 1849 1108 1887 Turnus

103 1904 308 1945 Straverat
329 1913 444 1959 atque
468 1906 640 1946 humeris
662 1906 862 1946 inimicum
883 1904 1039 1957 insigne
1061 1903 1236 1957 gerebat.

103 2051 143 2072 er
174 2040 260 2071 auch
296 2040 389 2072 Bahn
424 2041 529 2072 durch
565 2039 771 2082 Tapferkeit

103 2086 250 2117 sucht.“

149 2140 184 2161 v.
204 2129 270 2162 919
290 2148 318 2152 -—
334 2129 389 2161 38.
417 2133 506 2161 sort.
518 2130 632 2171 sort„
655 2139 773 2169 „mes-

105 2175 189 2206 send
224 2175 283 2206 des
318 2173 460 2206 Wurfes
495 2174 664 2214 Erfolg;“
698 2174 768 2214 vgl.

105 2220 202 2251 Hom.
239 2219 278 2251 11.
318 2218 431 2255 XXII,
469 2219 546 2251 321.
590 2237 636 2242 —
675 2229 770 2250 mur.

107 2268 228 2305 torm„
248 2265 281 2295 d.
297 2265 318 2295 i.
333 2275 396 2295 von
418 2264 478 2296 der
496 2264 656 2300 ballista,
676 2264 774 2295 einer

104 2308 388 2342 WurfmaschIne
438 2320 500 2342 zur
541 2309 775 2341 Zertriimme-

108 2365 196 2394 rung
213 2356 275 2386 der
289 2353 445 2386 Mauern.
467 2373 512 2377 —
530 2354 670 2393 incc'dae't,
693 2356 724 2385 d.
738 2355 770 2385 h.

109 2409 148 2431 er
165 2400 259 2431 sinkt
278 2399 341 2430 auf
355 2400 408 2431 die
428 2399 551 2437 tiniec,
582 2400 677 2431 nicht
694 2409 776 2430 eon-

109 2444 208 2485 cidit,
238 2455 275 2475 er
302 2445 396 2476 slnkt
421 2456 463 2477 zu
483 2446 611 2476 Boden.
641 2463 681 2467 -
711 2445 776 2476 du·-

103 2489 195 2531 plv'e.
217 2489 329 2530 popl„
357 2500 386 2520 S.
413 2501 444 2522 z.
474 2491 514 2522 A.
542 2489 602 2526 XI,
632 2489 709 2521 645.
731 2507 772 2512 —

110 2534 203 2565 ocul.
231 2534 354 2565 dea-tr.
379 2539 498 2575 prot.,
528 2535 581 2566 ein
612 2535 770 2575 Zeugma,

109 2580 175 2611 wie
205 2577 245 2611 G.
265 2579 290 2620 l,
311 2579 366 2610 93.
407 2580 447 2611 A.
471 2580 511 2619 11,
532 2580 610 2611 258.
640 2597 685 2603 -—
709 2579 772 2611 Die

844 2039 965 2071 Worte
996 2038 1055 2068 des
1076 2036 1214 2068 Turnus
1232 2035 1302 2076 vgl.
1324 2035 1385 2067 mit
1404 2035 1512 2067 denen

841 2085 900 2116 des
935 2083 1062 2114 Hector
1094 2083 1149 2113 bei
1184 2081 1280 2112 Hom.
1318 2080 1357 2111 11.
1394 2080 1508 2122 XXII,

843 2129 907 2161 338
924 2128 1029 2158 -43,
1062 2145 1098 2149 -
1117 2127 1204 2167 suit
1228 2129 1264 2156 et
1288 2128 1312 2156 t.
1336 2126 1414 2166 tal„
1441 2127 1510 2166 vgl.

843 2174 937 2205 Hom.
960 2172 998 2204 11.
1020 2171 1149 2211 XXIV,
1169 2170 1236 2201 436
1256 2180 1307 2211 sq.

891 2230 925 2250 v.
947 2217 1130 2249 938—52.
1161 2219 1195 2247 in
1213 2225 1319 2255 arm„
1342 2215 1374 2246 d.
1396 2215 1429 2246 h.
1451 2215 1513 2247 mit

844 2272 1051 2305 gezogenem
1073 2261 1260 2293 Schwerte.
1280 2278 1326 2283 —-
1343 2261 1509 2302 canchfl.

843 2321 872 2340 s.
893 2319 989 2348 coep.
1033 2307 1194 2338 Servius:
1222 2307 1335 2336 omnis
1357 2307 1511 2337 intentio

842 2354 889 2386 ad
899 2356 1035 2386 Aeneae
1050 2354 1210 2393 pertinet
1222 2351 1394 2392 gloriam.
1415 2349 1510 2382 Nam

843 2402 877 2430 et
901 2409 946 2430 ea:
974 2408 1012 2429 eo
1039 2397 1134 2438 quod
1158 2398 1257 2427 hosti
1273 2398 1410 2436 cogitat
1424 2405 1512 2436 par-

843 2454 941 2483 cere,
968 2444 1051 2484 pius
1077 2441 1300 2480 ostenditur,
1341 2444 1376 2471 et
1399 2450 1445 2471 ea:
1473 2451 1512 2472 eo

845 2488 940 2530 quod
963 2498 1039 2518 eum
1068 2488 1256 2518 interemit
1275 2487 1425 2526 pietatis
1451 2496 1512 2527 ge—

841 2537 918 2565 stat
950 2535 1103 2573 z‘tzse'gne.
1146 2530 1240 2563 Nam.
1267 2530 1437 2562 Euandri
1462 2533 1512 2561 in-

846 2581 941 2610 tuitu
961 2579 1006 2619 (s.
1027 2581 1067 2609 A.
1087 2576 1150 2616 XI,
1168 2575 1339 2617 177—80)
1361 2575 1511 2607 Pallan-

1439 173 1519 213 235

1535 291 1600 324 915

1532 571 1596 603 920

1532 849 1595 880 925

1532 1126 1598 1158 930

1531 1406 1595 1438 935

1531 1687 1595 1718 940
