1682 2979
109 690 166 722 735
188 686 363 726 Concilia
393 686 645 736 Elysiumque
676 680 776 724 colo.

196 148 271 186 156

669 152 704 182 Ρ.
735 149 897 182 VIRGILI
922 148 1115 182 MARONIS

188 252 363 302 Depulit,
395 256 433 289 et
464 251 573 290 caelo
605 250 760 288 tandem
791 249 999 288 miseratus
1030 248 1078 287 ab
1107 248 1184 286 alto
1217 254 1290 287 est.

191 305 376 344 Consiliis
405 317 513 355 pare,
545 317 644 355 quae
674 315 778 343 nunc
807 303 1071 355 pulcherrima
1099 303 1246 342 Nautes

188 361 260 398 Dat
290 359 444 406 senior3
476 360 600 399 lectos
631 360 805 404 iuvenes,
838 358 1053 397 fortissima
1084 358 1215 403 corda,

186 468 423 507 Debellanda
456 469 525 507 tibi
555 470 668 508 Latio
700 474 774 508 est.

111 421 166 452 730
186 414 304 452 Defer
333 414 373 452 in
403 414 569 454 ltaliam.
629 415 733 454 Gens
764 415 860 453 dura
890 420 1006 463 atque
1036 425 1174 463 aspera
1206 413 1311 451 cultu

833 468 933 507 Ditis
965 474 1092 507 tamen
1123 473 1211 506 ante

185 524 363 562 Infernas
394 524 538 561 accede
568 523 727 569 domos,
759 530 798 561 et
826 524 976 561 Averna
1005 535 1076 573 per
1105 522 1182 560 alta

181 574 433 626 ‘Congressus
463 583 566 627 pete,
598 583 701 621 nate,
732 588 856 615 meos.

914 577 1000 614 Non
1030 588 1092 614 me
1122 575 1245 625 impia
1272 587 1440 625 namque

187 632 349 670 Tartara
377 631 523 669 habent
550 631 765 681 tristesque
795 630 976 674 umbrae,
1009 630 1077 667 sed
1108 641 1271 667 amoena
1302 630 1457 679 piorum

843 684 928 723 Huc
958 689 1064 722 casta
1095 683 1242 732 Sibylla

185 741 393 791 Nigrarum
423 740 544 778 multo
574 740 769 790 pecudum
802 746 839 778 te
869 738 1058 787 sanguine
1088 738 1217 776 ducet.

189 797 287 834 Tum
319 807 440 845 genus
473 806 588 833 omne
618 800 740 840 tuum,
774 800 813 833 et
843 806 941 844 quae
973 793 1116 831 dentur
1144 792 1312 836 moenia,
1345 791 1488 831 disces.

187 853 348 901 Iamque
379 850 484 896 vale3
516 856 675 900 torquet
704 849 856 888 medios
886 849 971 887 Nox
1000 848 1159 886 humida
1191 859 1343 892 cursus,

187 907 235 944 Et
264 917 326 943 me
357 916 496 943 saevus
528 905 640 954 equis
673 904 815 942 Oriens
846 903 1004 942 adflavit
1035 902 1201 941 anhelis.

113 964 170 996 740
188 960 355 1005 Dixerat,
389 966 427 998 et
459 959 587 997 tenuis
619 959 729 1007 fugit,
762 971 835 997 ceu
868 960 1009 1003 fumus,
1042 958 1080 995 in
1113 969 1241 995 auras.

189 1017 353 1059 Aeneas
387 1013 473 1059 Quo
505 1013 647 1051 deinde
675 1011 789 1051 ruis?
820 1024 897 1062 quo
929 1011 1131 1062 proripis?
1164 1011 1303 1061 inquit,

191 1069 316 1115 Quem
348 1066 481 1117 sugis?
512 1074 578 1105 aut
609 1067 695 1117 quis
726 1072 765 1106 te
797 1067 944 1105 nostris
977 1066 1232 1115 conplexibus
1265 1063 1400 1103 arcet?

187 1123 294 1161 Haec
325 1134 547 1160 memorans
580 1122 750 1160 cinerem
782 1126 821 1159 et
850 1121 1004 1170 sopitos
1035 1120 1201 1158 suscitat
1230 1119 1344 1168 ignis,

189 1178 523 1226 Pergameumque
553 1177 692 1215 Larem
725 1183 764 1214 et
793 1188 913 1214 canae
943 1174 1160 1225 penetralia
1191 1175 1330 1212 Vestae

112 1237 169 1268 745
189 1233 307 1270 Farre
338 1231 403 1281 pio
435 1237 474 1269 et
504 1231 618 1280 plena
649 1230 814 1281 supplex
845 1236 1049 1269 veneratur
1079 1241 1226 1267 acerra.

299 1285 500 1335 Extemplo
531 1286 663 1323 socios
693 1286 942 1335 primumque
973 1284 1140 1322 arcessit
1169 1286 1347 1325 Acesten,

189 1341 237 1379 Et
265 1340 369 1378 Iovis
401 1339 595 1389 inperium
627 1347 665 1378 et
695 1340 775 1378 cari
806 1345 1017 1390 praecepta
1047 1339 1221 1389 parentis

188 1395 349 1440 Edocet,
382 1400 418 1432 et
449 1406 548 1444 quae
579 1406 682 1432 nunc
713 1394 843 1432 animo
876 1394 1069 1432 sententia
1101 1398 1266 1431 constet.

189 1449 300 1486 Haud
331 1460 440 1486 mora
471 1449 662 1494 consiliis,
696 1460 768 1487 nec
799 1449 905 1486 iussa
936 1453 1093 1487 recusat
1123 1449 1299 1486 Acestes.

112 1509 169 1540 750
189 1503 476 1542 Transcribunt
505 1503 590 1541 urbi
621 1508 777 1548 matres,
810 1502 1077 1553 populumque
1107 1502 1302 1540 volentem

188 1559 418 1608 Deponunt,
451 1557 603 1596 animos
635 1558 690 1596 nil
720 1568 883 1605 magnae
914 1557 1042 1595 laudis
1074 1557 1239 1605 egentis.

188 1612 268 1662 Ipsi
302 1617 470 1650 transtra
502 1617 656 1656 novant,
692 1611 939 1661 flammisque
970 1610 1129 1649 ambesa
1159 1617 1356 1661 reponunt

190 1754 264 1785 182.
292 1771 336 1775 —
371 1751 433 1782 Αυ.
455 1762 522 1793 per
546 1751 629 1789 alla,
656 1751 756 1782 durch
782 1751 854 1782 eine

191 1796 306 1827 Grotte
357 1795 460 1826 nebcn
517 1795 590 1826 deni
639 1795 854 1826 avernischen

189 1839 251 1871 See
265 1842 304 1878 (s.
318 1850 346 1870 z.
361 1840 398 1869 A.
414 1839 468 1874 lll,
484 1839 572 1875 386).
591 1858 632 1862 —
656 1838 748 1870 Ta'rc.
767 1841 853 1870 trist.

186 1884 308 1922 ambr„
335 1883 394 1913 der
407 1882 570 1913 Tartarus
593 1883 657 1913 und
683 1883 750 1913 sein
766 1888 857 1914 trau-

186 1927 276 1965 riges
308 1926 575 1964 (schreckliches)
609 1926 854 1957 Schattenreich

187 1972 252 2007 (wo
278 1969 330 1998 die
356 1968 565 2000 Verbrecher
603 1969 745 1999 bestrai't
770 1979 856 2000 wer-

189 2013 275 2050 den).
291 2030 332 2035 —
356 2014 478 2052 nigris.
507 2011 854 2043 DenUnterirdisrhen

186 2056 325 2087 wurden
349 2057 519 2087 schwarze
543 2054 663 2087 Thiere
689 2056 849 2098 geopsert.

188 2099 252 2139 vgl.
266 2100 304 2131 A.
322 2099 360 2136 V,
379 2101 433 2132 97.

229 2144 439 2176 v.73·1—45.
468 2144 600 2181 εἀευιιε,
626 2153 781 2182 grausain
803 2143 855 2174 fiir

187 2187 239 2218 die
262 2187 416 2218 Schatten
442 2187 506 2217 und
519 2186 855 2218 Traumcrscheinun-

187 2240 258 2269 gen,
288 2230 414 2261 welche
440 2230 493 2261 dic
508 2230 709 2269 Morgenlul‘t
723 2231 850 2261 iliehen.

186 2293 227 2298 —-
244 2274 388 2313 anhelis,
399 2273 463 2312 vgl.
480 2273 517 2306 G.
530 2273 551 2309 l,
568 2275 643 2306 250.
664 2293 704 2298 —
718 2273 852 2314 deinde,

187 2318 269 2348 nach
294 2317 404 2348 dieser
429 2317 552 2348 kurzen
577 2317 686 2353 Rede,
724 2317 788 2356 vgl.
811 2319 850 2350 A.

187 2360 240 2397 lv,
267 2363 343 2393 561.
369 2379 410 2385 —
432 2364 564 2402 penetr.
591 2360 693 2401 Vesl„
726 2361 778 2392 die
811 2362 853 2393 iul

187 2404 356 2436 lnnersten
390 2405 446 2436 des
481 2405 608 2436 Hauses
641 2404 852 2444 aufgestellte

187 2447 301 2480 Vesta.
341 2458 428 2479 cana
450 2448 617 2479 heisstdie
640 2448 752 2484 Vesta,
776 2448 853 2480 weil

187 2492 233 2522 sie
261 2492 313 2523 fiir
337 2492 409 2523 eine
435 2491 495 2523 der
507 2492 646 2523 iiltesten
664 2491 852 2524 Gottheiten

926 1751 1003 1789 galt.
1055 1769 1097 1775 —
1150 1751 1250 1790 sart-e
1291 1753 1352 1792 pio
1393 1754 1427 1781 et·
1461 1759 1595 1781 acerra.

925 1794 1132 1826 wethi-auch
1167 1796 1230 1826 und
1263 1794 1400 1834 heiligos
1439 1793 1595 1826 Gersten-

925 1839 1009 1870 inelil
1033 1848 1106 1870 war
1131 1839 1189 1870 das
1214 1838 1417 1878 gewiihnlich
1444 1838 1504 1869 den
1539 1836 1597 1867 Pe-

925 1888 1023 1914 naten
1071 1883 1248 1922 gebrachte
1305 1881 1489 1924 Sfihnopfer
1547 1880 1600 1911 bei

924 1925 1326 1965 Traumerscheinungcn‚
1367 1925 1431 1964 vgl.
1470 1926 1506 1955 A.
1539 1923 1592 1959 ΙΙΙ,

928 1971 1000 2001 177.
1029 1969 1148 2000 Tibull.
1170 1968 1222 2005 ΙΙΙ,
1246 1971 1275 2004 4,
1296 1971 1424 2001 9—10:
1465 1969 1511 1999 Et
1535 1978 1597 1999 na-

927 2016 998 2043 lum
1018 2014 1051 2043 1'11
1072 2023 1175 2044 cut-as
1192 2014 1370 2044 hominnm
1383 2022 1497 2053 genus
1513 2014 1597 2044 omi-

926 2067 971 2087 na
1004 2059 1116 2087 noctis
1151 2056 1259 2087 Fam-e
1287 2058 1349 2098 plo
1379 2057 1527 2097 placant
1564 2059 1598 2086 et

924 2100 1070 2131 saliente
1093 2100 1174 2131 sale.

970 2154 999 2174 v.
1029 2145 1195 2176 746—61.
1231 2146 1399 2185 primum,
1441 2153 1523 2175 ssz.
1554 2144 1591 2174 Α.

927 2187 977 2223 ΙΙΙ,
994 2189 1069 2219 437.
1097 2205 1137 2210 —
1165 2191 1312 2218 [masor.
1329 2197 1361 2219 η.
1380 2197 1434 2226 m.,
1461 2187 1508 2218 sie
1531 2191 1597 2218 tra-

925 2241 986 2270 gen
1012 2231 1064 2261 die
1089 2229 1214 2262 Namen
1247 2231 1306 2262 dci·
1330 2231 1459 2262 Frauen
1486 2230 1516 2261 in
1544 2230 1596 2261 dic

922 2274 1125 2313 Biirgcrliste
1152 2275 1211 2305 der
1236 2284 1340 2305 neuen
1367 2274 1501 2306 Colonie
1529 2274 1593 2305 ein.

922 2337 965 2341 —
990 2328 1072 2358 rep.,
1099 2319 1273 2357 ergitnzen,
1298 2318 1516 2350 vei-tanschen
1540 2318 1592 2349 die

922 2372 995 2393 voin
1021 2362 1128 2393 Feuer
1162 2363 1346 2393 zersn'irten
1380 2362 1503 2393 Balken
1536 2361 1594 2393 mit

924 2416 1038 2441 neuen,
1068 2405 1132 2445 vgl.
1154 2405 1260 2436 Tacit.
1289 2407 1371 2436 Anu.
1391 2406 1413 2443 Ι,
1441 2407 1502 2439 63:
1532 2405 1593 2437 du-

923 2450 1066 2488 bitanti,
1119 2459 1270 2489 quonam
1324 2450 1441 2482 modo·
1471 2452 1593 2491 ruptos

924 2496 1090 2523 vetustate
1137 2497 1258 2533 pontes
1307 2496 1498 2534 reponeret.
1549 2511 1592 2518 —
