1682 2979
234 165 257 202 2
695 165 731 198 P.
759 166 919 200 leGltl
940 167 1130 202 'MARONIS

228 274 397 314 Adsiduo
418 283 577 316 resonat
598 285 733 327 cantu,
759 280 944 334 tectisque
966 281 1138 335 superbis

227 330 313 371 Urit
334 331 532 372 odoratam
555 341 738 374 nocturna
760 336 799 376 in
821 337 962 377 lumina
986 339 1154 389 cedrum,

225 386 372 440 Arguto
393 389 520 429 tenuis
544 403 774 443 percurrens
796 393 946 446 pectine
969 395 1078 435 telas.

163 452 201 482 15
224 443 325 483 Hine
347 445 524 485 exaudiri
546 449 709 498 gemitus
732 448 889 502 iraeque
911 451 1080 499 leonum,

223 499 360 540 Vincla
380 510 626 543 recusantum
649 511 687 543 et
709 518 795 545 sera
817 507 886 546 sub
909 515 1020 547 nocte
1042 510 1262 559 rudentum,

222 556 488 610 Saetigerique
510 572 598 599 sues
615 567 733 613 ¹atque
756 561 793 600 in
817 564 1062 616 praesepibus
1085 564 1164 604 ursi

225 612 385 653 Saevire
403 644 414 661 ,
439 628 484 654 ac
507 616 654 655 formae
676 630 903 670 magnorum
924 620 1072 660 ululare
1094 620 1286 672 luporum,

227 669 330 720 Quos
354 669 549 710 hominum
573 685 623 711 ex
648 673 743 711 facie
766 674 835 712 dea
857 687 973 713 saeva
997 676 1214 727 potentibus
1238 677 1365 718 herbis

161 733 201 764 20
226 727 405 766 Induerat
429 728 539 768 Circe
560 728 598 767 in
622 730 750 769 voltus
772 743 815 769 ae
838 737 945 783 terga
968 732 1151 770 ferarum.

227 784 331 833 Quae
356 797 402 822 ne
424 791 598 824 monstra
620 785 667 837 pii
692 793 916 838 paterentur
937 787 1028 827 talia
1051 788 1176 828 Troes

224 840 348 879 Delati
373 841 410 879 in
433 847 590 894 portus,
617 855 691 881 neu
714 842 827 883 litora
850 844 931 883 dira
954 843 1145 894 subirent,
1172 870 1175 872 >

223 895 424 950 Neptunus
446 898 573 937 ventis
596 898 757 952 inplevit
777 900 864 939 vela
887 901 1081 948 secundis,

223 953 347 1005 Atque
371 955 495 1007 fugam
521 954 647 1003 dedit,
673 962 707 994 et
733 963 887 1008 praeter
906 958 1004 996 vada
1028 957 1173 997 fervida
1197 957 1321 997 vexit.

159 1018 198 1048 25
335 1010 488 1063 Iamque
512 1012 735 1051 rubescebat
760 1013 876 1052 radiis
900 1026 1005 1052 mare
1020 1044 1030 1062 ,
1055 1021 1093 1053 et
1114 1013 1272 1054 aethere
1293 1014 1338 1054 ab
1360 1013 1436 1054 alto

222 1066 373 1106 Aurora
395 1067 434 1106 in
457 1068 580 1107 roseis
603 1068 772 1122 fulgebat
795 1069 895 1108 lutea
917 1069 1036 1121 bigis:

225 1123 318 1162 Cum
341 1124 446 1163 venti
469 1137 633 1177 posuere
648 1155 657 1171 ,
685 1125 887 1178 omnisque
911 1132 1069 1179 repente
1090 1126 1235 1166 resedit

223 1180 378 1228 Flatus,
404 1187 439 1219 et
462 1181 499 1219 in
524 1180 626 1221 lento
649 1181 844 1221 luctantur
866 1195 1058 1222 marmore
1080 1190 1229 1222 tonsae.

223 1236 348 1289 Atque
371 1236 431 1276 hic
454 1236 606 1277 Aeneas
630 1238 821 1292 ingentem
845 1251 894 1277 ex
919 1252 1087 1291 aequore.
1109 1239 1235 1279 lucum

159 1299 200 1330 30
221 1293 426 1345 prospicit.
461 1293 569 1333 Hune
590 1294 691 1334 inter
714 1295 829 1334 lluvio
852 1294 1056 1335 Tiberinus
1079 1308 1259 1342 amoeno,

223 1349 442 1389 Verticibus
464 1350 630 1403 rapidis,
655 1357 694 1389 et
715 1352 831 1391 multa
858 1352 978 1391 flavus
1000 1364 1135 1400 arena,

223 1406 264 1445 ln
288 1419 393 1445 marc
417 1406 643 1459 prorumpit.
676 1406 817 1446 Variae
839 1407 1058 1461 circumque
1081 1421 1270 1462 supraque

223 1461 417 1502 Adsuetae
440 1462 533 1515 ripis
554 1462 736 1503 volucres
760 1471 797 1503 et
818 1464 984 1504 lhrmi'nis
1007 1464 1118 1504 alveo

222 1519 390 1558 Aethera
412 1517 627 1558 mulcebant
650 1526 764 1559 cantu
779 1550 789 1565 ,
815 1519 977 1572 lucoque
999 1520 1194 1560 volabant.

159 1582 199 1613 35
222 1576 398 1615 Flectere
419 1574 495 1614 iter
516 1575 643 1615 sociis
658 1582 860 1629 terraeque
883 1578 1088 1616 advertere
1110 1590 1246 1630 proras

222 1632 397 1685 Inperat,
423 1638 461 1671 et
482 1631 605 1671 laetus
627 1632 745 1672 ssuvio
767 1632 936 1672 succedit
957 1647 1105 1687 opaco„

332 1687 445 1728 Nunc
466 1701 558 1740 age,
584 1689 646 1741 qui
669 1703 782 1743 reges
797 1720 806 1737 ,
831 1689 973 1739 Eram,
999 1703 1094 1742 quae
1116 1696 1289 1742 tempora
1311 1701 1456 1740 rerum,

224 1745 316 1796 Quis
339 1745 451 1784 Latio
474 1744 633 1797 antiquo
655 1746 772 1786 fuerit
792 1753 918 1787 status
933 1776 942 1794 ,
967 1747 1116 1786 advena
1140 1745 1305 1787 classem

224 1804 318 1842 Cum
343 1803 506 1855 primum
528 1802 713 1842 Ausoniis
736 1803 936 1843 exercitus
958 1803 1102 1856 adpulit
1121 1802 1217 1850 oris,

158 1866 199 1898 40
221 1858 464 1912 Expediam,
491 1865 529 1898 et
550 1859 697 1912 primae
718 1859 910 1899 revocabo
933 1860 1093 1899 exordia
1117 1872 1280 1912 pugnae.

224 1916 282 1955 Tu
303 1923 430 1955 vatem
447 1944 458 1963 ,
484 1922 524 1954 tu
539 1945 549 1964 ,
575 1915 663 1954 diva
678 1946 688 1964 ,
714 1928 841 1955 mone.
876 1915 1004 1955 Dicam
1030 1915 1183 1955 horrida
1207 1914 1324 1963 bella,

221 2040 328 2071 ihrem
348 2037 503 2079 Gesange
523 2038 585 2070 den
602 2038 702 2076 nain,
723 2039 755 2070 d.
777 2039 809 2069 h.
830 2039 880 2070 sie

223 2086 309 2117 lasst
327 2085 389 2116 deu
409 2084 493 2116 Hain
514 2084 795 2116 wiederscballen
817 2095 878 2115 von
952 2085 1070 2115 bener.

951 2039 981 2070 b.
1010 2037 1264 2080 veru-andlang
1291 2038 1322 2070 in
1358 2038 1473 2070 solche
1501 2036 1610 2079 Unge-

223 2132 329 2162 ibrem
341 2129 511 2171 Gesange,
527 2130 594 2170 vgl.
609 2130 671 2161 Sil.
694 2129 770 2161 ltal‚
788 2128 878 2164 XlV,

223 2178 283 2207 302
298 2179 430 2213 ratum,
444 2186 567 2208 sacras
576 2177 637 2217 qni
649 2179 807 2207 carmine
818 2175 881 2206 sil-

225 2232 336 2254 vas—
349 2225 530 2253 resonant.
547 2239 585 2244 —
605 2220 691 2253 odor
706 2221 797 2252 (τεάν.
821 2220 880 2251 Die

223 2267 435 2299 Cedertanne
456 2265 571 2298 liefert
589 2266 880 2298 wohlriecbendes

224 2313 318 2345 Holz.
339 2331 383 2336 —
400 2316 494 2344 noct.
513 2315 548 2344 in
566 2312 665 2351 lum„
684 2322 745 2343 zur
762 2311 881 2343 Erhel-

222 2360 304 2399 lung
329 2359 390 2390 der
406 2356 529 2390 Nacht.
548 2376 592 2381 -—
618 2356 679 2389 Mit
697 2368 729 2389 v.
753 2357 791 2388 14
810 2357 878 2397 vgl.

223 2403 263 2437 G.
284 2404 316 2446 l,
336 2404 421 2442 294,
448 2404 510 2436 mit
535 2404 595 2435 der
620 2413 748 2443 ganzen
772 2402 878 2434 Stelle

224 2450 318 2482 Hom.
336 2449 399 2482 od.
425 2448 477 2490 X,
505 2449 673 2481 210—-23,
700 2449 877 2490 —fm-m.

222 2497 316 2536 lup„
346 2495 414 2536 vgl.
443 2495 484 2527 A.
504 2494 544 2535 V,
572 2495 647 2527 822.
674 2511 716 2518 —
743 2494 815 2526 ind.
845 2496 879 2525 in

223 2542 321 2581 volt„
343 2541 409 2582 vgl.
426 2540 465 2573 G.
485 2541 509 2582 1,
533 2540 607 2573 188.
625 2558 663 2564 -
685 2540 878 2582 terg.fer.‚

222 2587 290 2628 vgl.
309 2586 348 2619 A.
370 2586 484 2628 1,‹535.
504 2605 548 2610 —
564 2589 725 2619 monstra
744 2586 824 2626 tal„
844 2586 874 2617 d.

995 2140 1027 2160 v.
1058 2130 1201 2161 25-36,
1238 2129 1325 2169 lut.‚
1351 2128 1419 2169 vgl.
1448 2127 1543 2160 Hom.
1569 2128 1607 2160 ΙΙ.
1653 2131 1656 2137 ’

951 2173 967 2204 Χ
982 2175 1035 2215 lll,
1060 2175 1088 2207 l.
1110 2193 1150 2198 —
1170 2176 1273 2217 bigis,
1293 2185 1321 2206 s.
1342 2185 1372 2206 z.
1391 2174 1430 2206 A.
1450 2173 1508 2213 Vl,
1530 2174 1607 2206 535.

951 2239 991 2243 -—
1008 2231 1166 2261 posuere,
1189 2219 1330 2252 niimlicb
1351 2230 1400 2259 se,
1419 2220 1484 2259 vgl.
1506 2220 1545 2251 Α.
1563 2218 1606 2259 Χ,

954 2266 1026 2297 103.
1045 2284 1099 2293 —.
1114 2276 1260 2303 murm„
1286 2265 1353 2306 vgl.
1382 2263 1422 2297 G.
1444 2264 1468 2296 l.
1489 2264 1554 2296 254
1574 2276 1606 2296 u.

951 2311 1045 2343 Hom.
1069 2311 1105 2342 ll.
1126 2310 1218 2350 XlV,
1238 2311 1315 2342 273.

992 2367 1023 2388 v.
1046 2357 1190 2387 :ss-45.
1217 2357 1340 2388 Erato.
1367 2354 1445 2387 wie
1458 2354 1550 2395 Virg.
1567 2357 1606 2387 Α.

948 2401 972 2439 l,
994 2406 1012 2434 5
1032 2403 1093 2434 den
1114 2402 1273 2435 Beistand
1293 2399 1457 2433 derMuse
1476 2411 1537 2433 zur
1550 2400 1610 2432 Be-

949 2450 1092 2488 singung
1117 2448 1177 2480 der
1196 2447 1322 2479 Leiden
1336 2471 1344 2483 ‚
1371 2446 1499 2479 welche
1518 2446 1605 2478 Aen.

948 2493 1106 2525 w'zibrend
1134 2494 1248 2525 seiner
1272 2492 1454 2524 lrrl'abrten
1481 2503 1523 2524 zu
1553 2492 1608 2523 be-

947 2540 1065 2571 steheu
1086 2539 1191 2579 hatte,
1209 2537 1341 2579 auriel',
1360 2548 1397 2570 so
1417 2537 1552 2570 wendet
1570 2547 1608 2569 er

949 2585 1018 2617 sich
1039 2585 1123 2617 auch
1139 2585 1223 2623 bier,
1244 2595 1292 2616 wo
1313 2594 1350 2616 er
1366 2593 1439 2616 zum
1459 2583 1603 2616 zweiteu
