<?xml version="1.0" encoding="UTF-8"?>
<!DOCTYPE html PUBLIC "-//W3C//DTD XHTML 1.0 Transitional//EN"
    "http://www.w3.org/TR/xhtml1/DTD/xhtml1-transitional.dtd">
<html xmlns="http://www.w3.org/1999/xhtml" xml:lang="en" lang="en">
 <head>
  <title>
</title>
<meta http-equiv="Content-Type" content="text/html;charset=utf-8" />
  <meta name='ocr-system' content='tesseract 3.04.00' />
  <meta name='ocr-capabilities' content='ocr_page ocr_carea ocr_par ocr_line ocrx_word'/>
</head>
<body>
  <div class='ocr_page' id='page_1' title='image "./gedichte00virguoft_0161.png"; bbox 0 0 1682 2979; ppageno 0'>
   <div class='ocr_carea' id='block_1_1' title="bbox 540 175 988 211">
    <p class='ocr_par' dir='ltr' id='par_1_1' title="bbox 540 175 988 211">
     <span class='ocr_line' id='line_1_1' title="bbox 540 175 988 211; baseline 0 -3"><span class='ocrx_word' id='word_1_1' title='bbox 540 175 797 211; x_wconf 89' lang='lat' dir='ltr'>GEORGICON</span> <span class='ocrx_word' id='word_1_2' title='bbox 821 178 904 211; x_wconf 90' lang='lat' dir='ltr'><strong>LIB.</strong></span> <span class='ocrx_word' id='word_1_3' title='bbox 931 177 988 210; x_wconf 84' lang='lat' dir='ltr'>lv.</span> 
     </span>
    </p>
   </div>
   <div class='ocr_carea' id='block_1_2' title="bbox 1440 169 1517 209">
    <p class='ocr_par' dir='ltr' id='par_1_2' title="bbox 1440 169 1517 209">
     <span class='ocr_line' id='line_1_2' title="bbox 1440 169 1517 209; baseline 0 -1"><span class='ocrx_word' id='word_1_4' title='bbox 1440 169 1517 209; x_wconf 88' lang='grc'>135</span> 
     </span>
    </p>
   </div>
   <div class='ocr_carea' id='block_1_3' title="bbox 94 277 1294 999">
    <p class='ocr_par' dir='ltr' id='par_1_3' title="bbox 94 277 1294 999">
     <span class='ocr_line' id='line_1_3' title="bbox 101 277 1162 325; baseline -0.003 -6"><span class='ocrx_word' id='word_1_5' title='bbox 101 281 146 320; x_wconf 86' lang='grc'>111</span> <span class='ocrx_word' id='word_1_6' title='bbox 175 279 367 318; x_wconf 83' lang='lat' dir='ltr'>Venerem</span> <span class='ocrx_word' id='word_1_7' title='bbox 398 277 566 324; x_wconf 82' lang='lat' dir='ltr'>solvunt,</span> <span class='ocrx_word' id='word_1_8' title='bbox 600 283 666 316; x_wconf 89' lang='lat' dir='ltr'>aut</span> <span class='ocrx_word' id='word_1_9' title='bbox 697 278 799 316; x_wconf 87' lang='lat' dir='ltr'>fetus</span> <span class='ocrx_word' id='word_1_10' title='bbox 830 277 988 316; x_wconf 87' lang='lat' dir='ltr'>nixibus</span> <span class='ocrx_word' id='word_1_11' title='bbox 1020 277 1162 325; x_wconf 80' lang='lat' dir='ltr'>edunt3</span> 
     </span>
     <span class='ocr_line' id='line_1_4' title="bbox 98 333 1175 385; baseline -0.002 -11"><span class='ocrx_word' id='word_1_12' title='bbox 98 336 239 374; x_wconf 84' lang='lat' dir='ltr'>Verum</span> <span class='ocrx_word' id='word_1_13' title='bbox 272 335 382 385; x_wconf 83' lang='lat' dir='ltr'>ipsae</span> <span class='ocrx_word' id='word_1_14' title='bbox 416 347 436 373; x_wconf 88' lang='lat' dir='ltr'>e</span> <span class='ocrx_word' id='word_1_15' title='bbox 466 333 576 372; x_wconf 84' lang='lat' dir='ltr'>soliis</span> <span class='ocrx_word' id='word_1_16' title='bbox 607 339 721 372; x_wconf 88' lang='lat' dir='ltr'>natos</span> <span class='ocrx_word' id='word_1_17' title='bbox 752 341 791 372; x_wconf 87' lang='lat' dir='ltr'>et</span> <span class='ocrx_word' id='word_1_18' title='bbox 820 333 1009 373; x_wconf 78' lang='lat' dir='ltr'><strong>suavibus</strong></span> <span class='ocrx_word' id='word_1_19' title='bbox 1039 334 1175 373; x_wconf 86' lang='lat' dir='ltr'>herbis</span> 
     </span>
     <span class='ocr_line' id='line_1_5' title="bbox 99 390 1124 441; baseline -0.003 -11"><span class='ocrx_word' id='word_1_20' title='bbox 99 390 176 430; x_wconf 86' lang='lat' dir='ltr'>Ore</span> <span class='ocrx_word' id='word_1_21' title='bbox 205 391 351 440; x_wconf 76' lang='lat' dir='ltr'>legunt,</span> <span class='ocrx_word' id='word_1_22' title='bbox 384 390 496 441; x_wconf 82' lang='lat' dir='ltr'>ipsae</span> <span class='ocrx_word' id='word_1_23' title='bbox 526 402 660 440; x_wconf 88' lang='lat' dir='ltr'>regem</span> <span class='ocrx_word' id='word_1_24' title='bbox 690 401 915 440; x_wconf 87' lang='lat' dir='ltr'>parvosque</span> <span class='ocrx_word' id='word_1_25' title='bbox 948 390 1124 436; x_wconf 81' lang='lat' dir='ltr'>Quirites</span> 
     </span>
     <span class='ocr_line' id='line_1_6' title="bbox 97 446 1151 496; baseline -0.001 -11"><span class='ocrx_word' id='word_1_26' title='bbox 97 447 319 493; x_wconf 76' lang='lat' dir='ltr'>Sufficiunt,</span> <span class='ocrx_word' id='word_1_27' title='bbox 351 447 540 496; x_wconf 85' lang='lat' dir='ltr'>aulasque</span> <span class='ocrx_word' id='word_1_28' title='bbox 572 451 612 484; x_wconf 88' lang='lat' dir='ltr'>et</span> <span class='ocrx_word' id='word_1_29' title='bbox 643 457 755 484; x_wconf 88' lang='lat' dir='ltr'>cerea</span> <span class='ocrx_word' id='word_1_30' title='bbox 787 457 908 495; x_wconf 86' lang='lat' dir='ltr'>regna</span> <span class='ocrx_word' id='word_1_31' title='bbox 940 446 1151 496; x_wconf 75' lang='lat' dir='ltr'>refingunt.</span> 
     </span>
     <span class='ocr_line' id='line_1_7' title="bbox 95 501 1090 554; baseline -0.002 -12"><span class='ocrx_word' id='word_1_32' title='bbox 95 504 222 554; x_wconf 83' lang='lat' dir='ltr'>Saepe</span> <span class='ocrx_word' id='word_1_33' title='bbox 254 503 371 541; x_wconf 87' lang='lat' dir='ltr'>etiam</span> <span class='ocrx_word' id='word_1_34' title='bbox 404 502 513 541; x_wconf 91' lang='lat' dir='ltr'>duris</span> <span class='ocrx_word' id='word_1_35' title='bbox 546 502 713 540; x_wconf 88' lang='lat' dir='ltr'>errando</span> <span class='ocrx_word' id='word_1_36' title='bbox 746 501 786 540; x_wconf 93' lang='lat' dir='ltr'>in</span> <span class='ocrx_word' id='word_1_37' title='bbox 819 501 977 540; x_wconf 84' lang='lat' dir='ltr'>cotibus</span> <span class='ocrx_word' id='word_1_38' title='bbox 1009 502 1090 540; x_wconf 88' lang='lat' dir='ltr'>alas</span> 
     </span>
     <span class='ocr_line' id='line_1_8' title="bbox 94 557 1162 609; baseline -0.001 -12"><span class='ocrx_word' id='word_1_39' title='bbox 94 559 300 605; x_wconf 86' lang='lat' dir='ltr'>Attrivere,</span> <span class='ocrx_word' id='word_1_40' title='bbox 332 558 515 609; x_wconf 87' lang='lat' dir='ltr'>ultroque</span> <span class='ocrx_word' id='word_1_41' title='bbox 547 557 718 597; x_wconf 85' lang='lat' dir='ltr'>animam</span> <span class='ocrx_word' id='word_1_42' title='bbox 750 557 821 596; x_wconf 89' lang='lat' dir='ltr'>sub</span> <span class='ocrx_word' id='word_1_43' title='bbox 854 558 962 596; x_wconf 87' lang='lat' dir='ltr'>fasce</span> <span class='ocrx_word' id='word_1_44' title='bbox 995 557 1162 598; x_wconf 84' lang='lat' dir='ltr'>dedere:</span> 
     </span>
     <span class='ocr_line' id='line_1_9' title="bbox 96 613 1210 664; baseline 0 -12"><span class='ocrx_word' id='word_1_45' title='bbox 96 613 245 654; x_wconf 90' lang='lat' dir='ltr'>Tantus</span> <span class='ocrx_word' id='word_1_46' title='bbox 278 627 390 653; x_wconf 88' lang='lat' dir='ltr'>amor</span> <span class='ocrx_word' id='word_1_47' title='bbox 418 614 560 652; x_wconf 87' lang='lat' dir='ltr'>florum</span> <span class='ocrx_word' id='word_1_48' title='bbox 593 619 632 652; x_wconf 88' lang='lat' dir='ltr'>et</span> <span class='ocrx_word' id='word_1_49' title='bbox 663 614 877 664; x_wconf 84' lang='lat' dir='ltr'>generandi</span> <span class='ocrx_word' id='word_1_50' title='bbox 911 613 1035 664; x_wconf 85' lang='lat' dir='ltr'>gloria</span> <span class='ocrx_word' id='word_1_51' title='bbox 1066 613 1210 653; x_wconf 87' lang='lat' dir='ltr'>mellis.</span> 
     </span>
     <span class='ocr_line' id='line_1_10' title="bbox 95 669 1077 720; baseline 0 -12"><span class='ocrx_word' id='word_1_52' title='bbox 95 669 198 720; x_wconf 90' lang='lat' dir='ltr'>Ergo</span> <span class='ocrx_word' id='word_1_53' title='bbox 230 670 339 720; x_wconf 88' lang='lat' dir='ltr'>ipsas</span> <span class='ocrx_word' id='word_1_54' title='bbox 372 669 549 720; x_wconf 77' lang='lat' dir='ltr'>quamvis</span> <span class='ocrx_word' id='word_1_55' title='bbox 581 670 736 719; x_wconf 80' lang='lat' dir='ltr'>angusti</span> <span class='ocrx_word' id='word_1_56' title='bbox 768 669 960 708; x_wconf 89' lang='lat' dir='ltr'>terminus</span> <span class='ocrx_word' id='word_1_57' title='bbox 993 669 1077 708; x_wconf 87' lang='lat' dir='ltr'>aevi</span> 
     </span>
     <span class='ocr_line' id='line_1_11' title="bbox 95 725 1294 777; baseline 0.001 -14"><span class='ocrx_word' id='word_1_58' title='bbox 95 725 297 777; x_wconf 61' lang='lat' dir='ltr'>Excipiam</span> <span class='ocrx_word' id='word_1_59' title='bbox 328 738 457 776; x_wconf 89' lang='lat' dir='ltr'>neque</span> <span class='ocrx_word' id='word_1_60' title='bbox 489 725 594 764; x_wconf 86' lang='lat' dir='ltr'>enim</span> <span class='ocrx_word' id='word_1_61' title='bbox 624 725 713 776; x_wconf 86' lang='lat' dir='ltr'>plus</span> <span class='ocrx_word' id='word_1_62' title='bbox 745 731 924 776; x_wconf 83' lang='lat' dir='ltr'>septuma</span> <span class='ocrx_word' id='word_1_63' title='bbox 957 725 1114 764; x_wconf 83' lang='lat' dir='ltr'>ducitur</span> <span class='ocrx_word' id='word_1_64' title='bbox 1143 731 1294 773; x_wconf 80' lang='lat' dir='ltr'>aestas3</span> 
     </span>
     <span class='ocr_line' id='line_1_12' title="bbox 94 781 1230 832; baseline -0.001 -12"><span class='ocrx_word' id='word_1_65' title='bbox 94 782 143 820; x_wconf 88' lang='lat' dir='ltr'>At</span> <span class='ocrx_word' id='word_1_66' title='bbox 175 793 298 831; x_wconf 85' lang='lat' dir='ltr'>genus</span> <span class='ocrx_word' id='word_1_67' title='bbox 330 781 539 820; x_wconf 84' lang='lat' dir='ltr'>inmortale</span> <span class='ocrx_word' id='word_1_68' title='bbox 570 787 714 827; x_wconf 87' lang='lat' dir='ltr'>manet,</span> <span class='ocrx_word' id='word_1_69' title='bbox 745 781 971 832; x_wconf 88' lang='lat' dir='ltr'>multosque</span> <span class='ocrx_word' id='word_1_70' title='bbox 1002 793 1074 832; x_wconf 89' lang='lat' dir='ltr'>per</span> <span class='ocrx_word' id='word_1_71' title='bbox 1105 794 1230 820; x_wconf 87' lang='lat' dir='ltr'>annos</span> 
     </span>
     <span class='ocr_line' id='line_1_13' title="bbox 97 836 1217 883; baseline 0 -7"><span class='ocrx_word' id='word_1_72' title='bbox 97 837 184 876; x_wconf 84' lang='lat' dir='ltr'>Stat</span> <span class='ocrx_word' id='word_1_73' title='bbox 213 839 369 876; x_wconf 81' lang='lat' dir='ltr'>fortuna</span> <span class='ocrx_word' id='word_1_74' title='bbox 403 837 556 883; x_wconf 85' lang='lat' dir='ltr'>domus,</span> <span class='ocrx_word' id='word_1_75' title='bbox 590 842 629 876; x_wconf 89' lang='lat' dir='ltr'>et</span> <span class='ocrx_word' id='word_1_76' title='bbox 659 836 718 875; x_wconf 83' lang='lat' dir='ltr'>avi</span> <span class='ocrx_word' id='word_1_77' title='bbox 751 843 1011 876; x_wconf 85' lang='lat' dir='ltr'>numerantur</span> <span class='ocrx_word' id='word_1_78' title='bbox 1042 849 1217 876; x_wconf 87' lang='lat' dir='ltr'>avorum.</span> 
     </span>
     <span class='ocr_line' id='line_1_14' title="bbox 94 892 1138 942; baseline -0.001 -10"><span class='ocrx_word' id='word_1_79' title='bbox 94 892 306 932; x_wconf 88' lang='lat' dir='ltr'>Praeterea</span> <span class='ocrx_word' id='word_1_80' title='bbox 336 904 469 942; x_wconf 84' lang='lat' dir='ltr'>regem</span> <span class='ocrx_word' id='word_1_81' title='bbox 501 904 580 930; x_wconf 91' lang='lat' dir='ltr'>non</span> <span class='ocrx_word' id='word_1_82' title='bbox 613 892 672 929; x_wconf 90' lang='lat' dir='ltr'>sic</span> <span class='ocrx_word' id='word_1_83' title='bbox 701 893 898 942; x_wconf 81' lang='lat' dir='ltr'>Aegyptos</span> <span class='ocrx_word' id='word_1_84' title='bbox 931 898 970 930; x_wconf 89' lang='lat' dir='ltr'>et</span> <span class='ocrx_word' id='word_1_85' title='bbox 1000 893 1138 942; x_wconf 84' lang='lat' dir='ltr'>ingens</span> 
     </span>
     <span class='ocr_line' id='line_1_15' title="bbox 94 947 1275 999; baseline -0.001 -12"><span class='ocrx_word' id='word_1_86' title='bbox 94 949 230 999; x_wconf 82' lang='lat' dir='ltr'>Lydia,</span> <span class='ocrx_word' id='word_1_87' title='bbox 261 959 336 987; x_wconf 91' lang='lat' dir='ltr'>nec</span> <span class='ocrx_word' id='word_1_88' title='bbox 364 947 502 998; x_wconf 88' lang='lat' dir='ltr'>populi</span> <span class='ocrx_word' id='word_1_89' title='bbox 534 947 770 985; x_wconf 81' lang='lat' dir='ltr'>Parthorum</span> <span class='ocrx_word' id='word_1_90' title='bbox 802 953 868 985; x_wconf 88' lang='lat' dir='ltr'>aut</span> <span class='ocrx_word' id='word_1_91' title='bbox 898 947 1036 986; x_wconf 87' lang='lat' dir='ltr'>Medus</span> <span class='ocrx_word' id='word_1_92' title='bbox 1069 948 1275 999; x_wconf 74' lang='lat' dir='ltr'>Hydaspes</span> 
     </span>
    </p>
   </div>
   <div class='ocr_carea' id='block_1_4' title="bbox 97 1004 331 1042">
    <p class='ocr_par' dir='ltr' id='par_1_4' title="bbox 97 1004 331 1042">
     <span class='ocr_line' id='line_1_16' title="bbox 97 1004 331 1042; baseline 0 0"><span class='ocrx_word' id='word_1_93' title='bbox 97 1004 331 1042; x_wconf 88' lang='lat' dir='ltr'>Observant.</span> 
     </span>
    </p>
   </div>
   <div class='ocr_carea' id='block_1_5' title="bbox 391 1002 1299 1052">
    <p class='ocr_par' dir='ltr' id='par_1_5' title="bbox 391 1002 1299 1052">
     <span class='ocr_line' id='line_1_17' title="bbox 391 1002 1299 1052; baseline 0.003 -12"><span class='ocrx_word' id='word_1_94' title='bbox 391 1003 496 1052; x_wconf 83' lang='lat' dir='ltr'>Rege</span> <span class='ocrx_word' id='word_1_95' title='bbox 528 1002 717 1041; x_wconf 89' lang='lat' dir='ltr'>incolumi</span> <span class='ocrx_word' id='word_1_96' title='bbox 749 1015 862 1041; x_wconf 88' lang='lat' dir='ltr'>mens</span> <span class='ocrx_word' id='word_1_97' title='bbox 894 1003 1079 1042; x_wconf 85' lang='lat' dir='ltr'>omnibus</span> <span class='ocrx_word' id='word_1_98' title='bbox 1108 1016 1184 1042; x_wconf 90' lang='lat' dir='ltr'>una</span> <span class='ocrx_word' id='word_1_99' title='bbox 1218 1008 1299 1051; x_wconf 80' lang='lat' dir='ltr'>est3</span> 
     </span>
    </p>
   </div>
   <div class='ocr_carea' id='block_1_6' title="bbox 50 1058 1297 1502">
    <p class='ocr_par' dir='ltr' id='par_1_6' title="bbox 50 1058 1297 1502">
     <span class='ocr_line' id='line_1_18' title="bbox 93 1058 1077 1110; baseline 0 -12"><span class='ocrx_word' id='word_1_100' title='bbox 93 1060 250 1099; x_wconf 84' lang='lat' dir='ltr'>Amisso</span> <span class='ocrx_word' id='word_1_101' title='bbox 282 1071 425 1110; x_wconf 85' lang='lat' dir='ltr'>rupere</span> <span class='ocrx_word' id='word_1_102' title='bbox 456 1058 588 1105; x_wconf 89' lang='lat' dir='ltr'>fidem,</span> <span class='ocrx_word' id='word_1_103' title='bbox 621 1064 929 1110; x_wconf 89' lang='lat' dir='ltr'>constructaque</span> <span class='ocrx_word' id='word_1_104' title='bbox 960 1059 1077 1098; x_wconf 90' lang='lat' dir='ltr'>mella</span> 
     </span>
     <span class='ocr_line' id='line_1_19' title="bbox 94 1114 1077 1167; baseline 0 -13"><span class='ocrx_word' id='word_1_105' title='bbox 94 1115 305 1167; x_wconf 88' lang='lat' dir='ltr'>Diripuere</span> <span class='ocrx_word' id='word_1_106' title='bbox 337 1115 447 1165; x_wconf 91' lang='lat' dir='ltr'>ipsae</span> <span class='ocrx_word' id='word_1_107' title='bbox 480 1121 519 1153; x_wconf 81' lang='lat' dir='ltr'>et</span> <span class='ocrx_word' id='word_1_108' title='bbox 549 1114 668 1153; x_wconf 87' lang='lat' dir='ltr'>cratis</span> <span class='ocrx_word' id='word_1_109' title='bbox 701 1114 855 1154; x_wconf 90' lang='lat' dir='ltr'>solvere</span> <span class='ocrx_word' id='word_1_110' title='bbox 887 1116 1077 1154; x_wconf 84' lang='lat' dir='ltr'>favorum.</span> 
     </span>
     <span class='ocr_line' id='line_1_20' title="bbox 50 1170 1214 1222; baseline 0 -12"><span class='ocrx_word' id='word_1_111' title='bbox 50 1195 54 1199; x_wconf 65' lang='grc'><strong><em>»</em></strong></span> <span class='ocrx_word' id='word_1_112' title='bbox 94 1171 165 1210; x_wconf 88' lang='grc'><strong>1110</strong></span> <span class='ocrx_word' id='word_1_113' title='bbox 198 1183 361 1222; x_wconf 91' lang='lat' dir='ltr'>operum</span> <span class='ocrx_word' id='word_1_114' title='bbox 394 1177 543 1217; x_wconf 86' lang='lat' dir='ltr'>custos,</span> <span class='ocrx_word' id='word_1_115' title='bbox 576 1170 686 1209; x_wconf 90' lang='lat' dir='ltr'>illum</span> <span class='ocrx_word' id='word_1_116' title='bbox 718 1170 974 1217; x_wconf 84' lang='lat' dir='ltr'>admirantur,</span> <span class='ocrx_word' id='word_1_117' title='bbox 1007 1177 1046 1210; x_wconf 89' lang='lat' dir='ltr'>et</span> <span class='ocrx_word' id='word_1_118' title='bbox 1077 1183 1214 1210; x_wconf 85' lang='lat' dir='ltr'>omnes</span> 
     </span>
     <span class='ocr_line' id='line_1_21' title="bbox 96 1226 1257 1278; baseline 0 -12"><span class='ocrx_word' id='word_1_119' title='bbox 96 1227 362 1266; x_wconf 81' lang='lat' dir='ltr'>Circumstant</span> <span class='ocrx_word' id='word_1_120' title='bbox 392 1226 552 1265; x_wconf 85' lang='lat' dir='ltr'>fremitu</span> <span class='ocrx_word' id='word_1_121' title='bbox 584 1227 723 1274; x_wconf 84' lang='lat' dir='ltr'>denso,</span> <span class='ocrx_word' id='word_1_122' title='bbox 755 1229 982 1278; x_wconf 86' lang='lat' dir='ltr'>stipantque</span> <span class='ocrx_word' id='word_1_123' title='bbox 1014 1228 1257 1277; x_wconf 82' lang='lat' dir='ltr'>frequentes,</span> 
     </span>
     <span class='ocr_line' id='line_1_22' title="bbox 93 1282 1137 1334; baseline -0.001 -12"><span class='ocrx_word' id='word_1_124' title='bbox 93 1283 144 1322; x_wconf 90' lang='lat' dir='ltr'>Et</span> <span class='ocrx_word' id='word_1_125' title='bbox 175 1296 293 1334; x_wconf 87' lang='lat' dir='ltr'>saepe</span> <span class='ocrx_word' id='word_1_126' title='bbox 326 1282 512 1322; x_wconf 87' lang='lat' dir='ltr'>attollunt</span> <span class='ocrx_word' id='word_1_127' title='bbox 540 1282 730 1329; x_wconf 89' lang='lat' dir='ltr'>humeris,</span> <span class='ocrx_word' id='word_1_128' title='bbox 764 1288 802 1322; x_wconf 85' lang='lat' dir='ltr'>et</span> <span class='ocrx_word' id='word_1_129' title='bbox 833 1295 1001 1334; x_wconf 70' lang='lat' dir='ltr'>corpora</span> <span class='ocrx_word' id='word_1_130' title='bbox 1032 1283 1137 1322; x_wconf 89' lang='lat' dir='ltr'>bello</span> 
     </span>
     <span class='ocr_line' id='line_1_23' title="bbox 97 1338 1297 1390; baseline 0 -12"><span class='ocrx_word' id='word_1_131' title='bbox 97 1338 307 1379; x_wconf 86' lang='lat' dir='ltr'>Obiectant</span> <span class='ocrx_word' id='word_1_132' title='bbox 336 1339 622 1390; x_wconf 82' lang='lat' dir='ltr'>pulchramque</span> <span class='ocrx_word' id='word_1_133' title='bbox 652 1344 793 1389; x_wconf 83' lang='lat' dir='ltr'>petunt</span> <span class='ocrx_word' id='word_1_134' title='bbox 822 1351 894 1390; x_wconf 86' lang='lat' dir='ltr'>per</span> <span class='ocrx_word' id='word_1_135' title='bbox 923 1339 1084 1378; x_wconf 84' lang='lat' dir='ltr'>volnera</span> <span class='ocrx_word' id='word_1_136' title='bbox 1115 1346 1297 1378; x_wconf 87' lang='lat' dir='ltr'>mortem.</span> 
     </span>
     <span class='ocr_line' id='line_1_24' title="bbox 178 1394 1247 1446; baseline 0.001 -13"><span class='ocrx_word' id='word_1_137' title='bbox 178 1395 250 1434; x_wconf 86' lang='lat' dir='ltr'>His</span> <span class='ocrx_word' id='word_1_138' title='bbox 282 1394 441 1446; x_wconf 89' lang='lat' dir='ltr'>quidam</span> <span class='ocrx_word' id='word_1_139' title='bbox 473 1394 597 1444; x_wconf 87' lang='lat' dir='ltr'>signis</span> <span class='ocrx_word' id='word_1_140' title='bbox 630 1400 746 1445; x_wconf 86' lang='lat' dir='ltr'>atque</span> <span class='ocrx_word' id='word_1_141' title='bbox 777 1395 877 1434; x_wconf 89' lang='lat' dir='ltr'>haec</span> <span class='ocrx_word' id='word_1_142' title='bbox 909 1396 1086 1446; x_wconf 80' lang='lat' dir='ltr'>exempla</span> <span class='ocrx_word' id='word_1_143' title='bbox 1120 1395 1247 1434; x_wconf 87' lang='lat' dir='ltr'>secuti</span> 
     </span>
     <span class='ocr_line' id='line_1_25' title="bbox 93 1449 1182 1502; baseline 0.001 -13"><span class='ocrx_word' id='word_1_144' title='bbox 93 1449 194 1490; x_wconf 88' lang='lat' dir='ltr'>Esse</span> <span class='ocrx_word' id='word_1_145' title='bbox 224 1451 365 1502; x_wconf 81' lang='lat' dir='ltr'>apibus</span> <span class='ocrx_word' id='word_1_146' title='bbox 395 1456 551 1502; x_wconf 85' lang='lat' dir='ltr'>partem</span> <span class='ocrx_word' id='word_1_147' title='bbox 583 1450 739 1489; x_wconf 83' lang='lat' dir='ltr'>divinae</span> <span class='ocrx_word' id='word_1_148' title='bbox 769 1451 915 1490; x_wconf 85' lang='lat' dir='ltr'>mentis</span> <span class='ocrx_word' id='word_1_149' title='bbox 949 1458 986 1490; x_wconf 89' lang='lat' dir='ltr'>et</span> <span class='ocrx_word' id='word_1_150' title='bbox 1017 1452 1182 1490; x_wconf 86' lang='lat' dir='ltr'>haustus</span> 
     </span>
    </p>
   </div>
   <div class='ocr_carea' id='block_1_7' title="bbox 90 1582 776 2612">
    <p class='ocr_par' dir='ltr' id='par_1_7' title="bbox 90 1582 776 2555">
     <span class='ocr_line' id='line_1_26' title="bbox 96 1582 772 1624; baseline 0 -9"><span class='ocrx_word' id='word_1_151' title='bbox 96 1593 158 1623; x_wconf 86' lang='lat' dir='ltr'>gen</span> <span class='ocrx_word' id='word_1_152' title='bbox 183 1583 243 1615; x_wconf 90' lang='lat' dir='ltr'>der</span> <span class='ocrx_word' id='word_1_153' title='bbox 256 1583 436 1622; x_wconf 68' lang='lat' dir='ltr'>W&#39;irkiing.</span> <span class='ocrx_word' id='word_1_154' title='bbox 461 1601 498 1605; x_wconf 92' lang='lat'><strong>—</strong></span> <span class='ocrx_word' id='word_1_155' title='bbox 525 1586 685 1624; x_wconf 72' lang='lat' dir='ltr'>refinqunt.</span> <span class='ocrx_word' id='word_1_156' title='bbox 711 1582 772 1615; x_wconf 84' lang='lat' dir='ltr'>Die</span> 
     </span>
     <span class='ocr_line' id='line_1_27' title="bbox 95 1626 774 1667; baseline 0 -8"><span class='ocrx_word' id='word_1_157' title='bbox 95 1628 221 1660; x_wconf 87' lang='lat' dir='ltr'>Bienen</span> <span class='ocrx_word' id='word_1_158' title='bbox 247 1637 367 1667; x_wconf 84' lang='lat' dir='ltr'>sorgen</span> <span class='ocrx_word' id='word_1_159' title='bbox 393 1627 446 1658; x_wconf 71' lang='lat' dir='ltr'>fiir</span> <span class='ocrx_word' id='word_1_160' title='bbox 471 1626 561 1658; x_wconf 86' lang='lat' dir='ltr'>diese</span> <span class='ocrx_word' id='word_1_161' title='bbox 577 1628 681 1667; x_wconf 80' lang='lat' dir='ltr'>junge</span> <span class='ocrx_word' id='word_1_162' title='bbox 692 1627 774 1659; x_wconf 84' lang='lat' dir='ltr'>Brut</span> 
     </span>
     <span class='ocr_line' id='line_1_28' title="bbox 96 1670 774 1704; baseline -0.004 0"><span class='ocrx_word' id='word_1_163' title='bbox 96 1673 218 1704; x_wconf 89' lang='lat' dir='ltr'>ebenso</span> <span class='ocrx_word' id='word_1_164' title='bbox 243 1673 309 1704; x_wconf 72' lang='lat' dir='ltr'>wie</span> <span class='ocrx_word' id='word_1_165' title='bbox 334 1671 450 1702; x_wconf 89' lang='lat' dir='ltr'>Eltern</span> <span class='ocrx_word' id='word_1_166' title='bbox 477 1671 530 1702; x_wconf 83' lang='lat' dir='ltr'>fiir</span> <span class='ocrx_word' id='word_1_167' title='bbox 555 1670 625 1702; x_wconf 89' lang='lat' dir='ltr'>ihre</span> <span class='ocrx_word' id='word_1_168' title='bbox 648 1671 774 1702; x_wconf 87' lang='lat' dir='ltr'>Kiuder</span> 
     </span>
     <span class='ocr_line' id='line_1_29' title="bbox 94 1715 774 1749; baseline -0.004 0"><span class='ocrx_word' id='word_1_169' title='bbox 94 1728 128 1749; x_wconf 89' lang='lat' dir='ltr'>u.</span> <span class='ocrx_word' id='word_1_170' title='bbox 158 1717 274 1749; x_wconf 87' lang='lat' dir='ltr'>stellen</span> <span class='ocrx_word' id='word_1_171' title='bbox 301 1716 352 1748; x_wconf 89' lang='lat' dir='ltr'>die</span> <span class='ocrx_word' id='word_1_172' title='bbox 377 1716 477 1747; x_wconf 87' lang='lat' dir='ltr'>durch</span> <span class='ocrx_word' id='word_1_173' title='bbox 497 1715 555 1746; x_wconf 83' lang='lat' dir='ltr'>(las</span> <span class='ocrx_word' id='word_1_174' title='bbox 576 1716 774 1747; x_wconf 84' lang='lat' dir='ltr'>Ausschnei-</span> 
     </span>
     <span class='ocr_line' id='line_1_30' title="bbox 97 1759 774 1801; baseline -0.001 -8"><span class='ocrx_word' id='word_1_175' title='bbox 97 1762 160 1794; x_wconf 89' lang='lat' dir='ltr'>den</span> <span class='ocrx_word' id='word_1_176' title='bbox 194 1762 254 1793; x_wconf 88' lang='grc'><strong>(101·</strong></span> <span class='ocrx_word' id='word_1_177' title='bbox 287 1759 551 1801; x_wconf 81' lang='lat' dir='ltr'>Houigscheiben</span> <span class='ocrx_word' id='word_1_178' title='bbox 586 1762 774 1792; x_wconf 70' lang='lat' dir='ltr'>zersttjrten</span> 
     </span>
     <span class='ocr_line' id='line_1_31' title="bbox 95 1805 774 1847; baseline -0.004 -8"><span class='ocrx_word' id='word_1_179' title='bbox 95 1806 321 1847; x_wconf 70' lang='lat' dir='ltr'>VVohnungen</span> <span class='ocrx_word' id='word_1_180' title='bbox 364 1806 421 1837; x_wconf 81' lang='lat' dir='ltr'>sur</span> <span class='ocrx_word' id='word_1_181' title='bbox 457 1805 519 1836; x_wconf 90' lang='grc'><strong>(1011</strong></span> <span class='ocrx_word' id='word_1_182' title='bbox 548 1806 674 1846; x_wconf 80' lang='lat' dir='ltr'>jungen</span> <span class='ocrx_word' id='word_1_183' title='bbox 707 1807 774 1837; x_wconf 82' lang='lat' dir='ltr'>An-</span> 
     </span>
     <span class='ocr_line' id='line_1_32' title="bbox 95 1850 772 1884; baseline -0.003 0"><span class='ocrx_word' id='word_1_184' title='bbox 95 1852 209 1884; x_wconf 81' lang='lat' dir='ltr'>Wuchs</span> <span class='ocrx_word' id='word_1_185' title='bbox 241 1851 371 1882; x_wconf 83' lang='lat' dir='ltr'>wieder</span> <span class='ocrx_word' id='word_1_186' title='bbox 405 1851 482 1881; x_wconf 86' lang='lat' dir='ltr'>her:</span> <span class='ocrx_word' id='word_1_187' title='bbox 524 1850 607 1881; x_wconf 71' lang='lat' dir='ltr'>Hofe</span> <span class='ocrx_word' id='word_1_188' title='bbox 641 1850 695 1881; x_wconf 79' lang='lat' dir='ltr'>fiir</span> <span class='ocrx_word' id='word_1_189' title='bbox 720 1850 772 1882; x_wconf 87' lang='grc'><strong>(110</strong></span> 
     </span>
     <span class='ocr_line' id='line_1_33' title="bbox 90 1895 773 1938; baseline -0.003 -10"><span class='ocrx_word' id='word_1_190' title='bbox 90 1897 218 1938; x_wconf 76' lang='lat' dir='ltr'>jungeri</span> <span class='ocrx_word' id='word_1_191' title='bbox 243 1896 394 1932; x_wconf 79' lang='lat' dir='ltr'>Fiirsten,</span> <span class='ocrx_word' id='word_1_192' title='bbox 424 1905 454 1926; x_wconf 90' lang='lat' dir='ltr'>u.</span> <span class='ocrx_word' id='word_1_193' title='bbox 479 1895 674 1926; x_wconf 71' lang='lat' dir='ltr'>wfichserne</span> <span class='ocrx_word' id='word_1_194' title='bbox 697 1895 773 1926; x_wconf 88' lang='lat' dir='ltr'>Rei-</span> 
     </span>
     <span class='ocr_line' id='line_1_34' title="bbox 96 1939 774 1976; baseline -0.003 -3"><span class='ocrx_word' id='word_1_195' title='bbox 96 1942 155 1973; x_wconf 87' lang='lat' dir='ltr'>che</span> <span class='ocrx_word' id='word_1_196' title='bbox 188 1941 242 1973; x_wconf 76' lang='lat' dir='ltr'>fiir</span> <span class='ocrx_word' id='word_1_197' title='bbox 267 1941 320 1972; x_wconf 83' lang='lat' dir='ltr'>die</span> <span class='ocrx_word' id='word_1_198' title='bbox 345 1940 584 1972; x_wconf 74' lang='lat' dir='ltr'>Enterthanen.</span> <span class='ocrx_word' id='word_1_199' title='bbox 633 1939 691 1976; x_wconf 85' lang='lat' dir='ltr'>Ja,</span> <span class='ocrx_word' id='word_1_200' title='bbox 722 1940 774 1971; x_wconf 84' lang='lat' dir='ltr'>ihr</span> 
     </span>
     <span class='ocr_line' id='line_1_35' title="bbox 94 1984 774 2025; baseline -0.004 -7"><span class='ocrx_word' id='word_1_201' title='bbox 94 1986 200 2023; x_wconf 75' lang='lat' dir='ltr'>Effer,</span> <span class='ocrx_word' id='word_1_202' title='bbox 227 1984 460 2017; x_wconf 85' lang='lat' dir='ltr'>Blumenstoffe</span> <span class='ocrx_word' id='word_1_203' title='bbox 482 1985 677 2025; x_wconf 72' lang='lat' dir='ltr'>zui-jungen</span> <span class='ocrx_word' id='word_1_204' title='bbox 693 1984 774 2016; x_wconf 85' lang='lat' dir='ltr'>Brut</span> 
     </span>
     <span class='ocr_line' id='line_1_36' title="bbox 95 2029 772 2063; baseline -0.004 0"><span class='ocrx_word' id='word_1_205' title='bbox 95 2042 138 2063; x_wconf 89' lang='lat' dir='ltr'>zu</span> <span class='ocrx_word' id='word_1_206' title='bbox 165 2030 323 2062; x_wconf 84' lang='lat' dir='ltr'>sammeln</span> <span class='ocrx_word' id='word_1_207' title='bbox 356 2030 422 2062; x_wconf 89' lang='lat' dir='ltr'>und</span> <span class='ocrx_word' id='word_1_208' title='bbox 448 2030 501 2061; x_wconf 79' lang='lat' dir='ltr'>fiir</span> <span class='ocrx_word' id='word_1_209' title='bbox 525 2029 578 2060; x_wconf 89' lang='grc'><strong>(110</strong></span> <span class='ocrx_word' id='word_1_210' title='bbox 604 2029 772 2061; x_wconf 79' lang='lat' dir='ltr'>hiiusliche</span> 
     </span>
     <span class='ocr_line' id='line_1_37' title="bbox 95 2074 768 2115; baseline -0.003 -8"><span class='ocrx_word' id='word_1_211' title='bbox 95 2076 314 2115; x_wconf 84' lang='lat' dir='ltr'>Einrichtung</span> <span class='ocrx_word' id='word_1_212' title='bbox 352 2074 527 2107; x_wconf 76' lang='grc'><strong>(1015011100</strong></span> <span class='ocrx_word' id='word_1_213' title='bbox 560 2084 601 2105; x_wconf 91' lang='lat' dir='ltr'>zu</span> <span class='ocrx_word' id='word_1_214' title='bbox 637 2084 768 2115; x_wconf 78' lang='lat' dir='ltr'>sorgen⁷</span> 
     </span>
     <span class='ocr_line' id='line_1_38' title="bbox 95 2118 773 2160; baseline -0.001 -8"><span class='ocrx_word' id='word_1_215' title='bbox 95 2121 206 2152; x_wconf 89' lang='lat' dir='ltr'>macht</span> <span class='ocrx_word' id='word_1_216' title='bbox 229 2121 278 2152; x_wconf 89' lang='lat' dir='ltr'>sie</span> <span class='ocrx_word' id='word_1_217' title='bbox 295 2120 387 2152; x_wconf 87' lang='lat' dir='ltr'>blind</span> <span class='ocrx_word' id='word_1_218' title='bbox 407 2130 511 2160; x_wconf 83' lang='lat' dir='ltr'>gegen</span> <span class='ocrx_word' id='word_1_219' title='bbox 530 2118 707 2155; x_wconf 79' lang='lat' dir='ltr'>Gesahren,</span> <span class='ocrx_word' id='word_1_220' title='bbox 738 2130 773 2151; x_wconf 89' lang='lat' dir='ltr'>so</span> 
     </span>
     <span class='ocr_line' id='line_1_39' title="bbox 98 2165 774 2204; baseline -0.003 -7"><span class='ocrx_word' id='word_1_221' title='bbox 98 2166 175 2198; x_wconf 84' lang='lat' dir='ltr'>dass</span> <span class='ocrx_word' id='word_1_222' title='bbox 209 2165 257 2197; x_wconf 90' lang='lat' dir='ltr'>sie</span> <span class='ocrx_word' id='word_1_223' title='bbox 290 2165 344 2197; x_wconf 89' lang='lat' dir='ltr'>bei</span> <span class='ocrx_word' id='word_1_224' title='bbox 377 2165 481 2196; x_wconf 85' lang='lat' dir='ltr'>ihreiu</span> <span class='ocrx_word' id='word_1_225' title='bbox 506 2165 774 2204; x_wconf 76' lang='lat' dir='ltr'>unvorsichtigen</span> 
     </span>
     <span class='ocr_line' id='line_1_40' title="bbox 97 2209 776 2250; baseline -0.001 -8"><span class='ocrx_word' id='word_1_226' title='bbox 97 2210 339 2250; x_wconf 81' lang='lat' dir='ltr'>Umberssiegen</span> <span class='ocrx_word' id='word_1_227' title='bbox 355 2211 511 2248; x_wconf 83' lang='lat' dir='ltr'>(errando)</span> <span class='ocrx_word' id='word_1_228' title='bbox 538 2209 606 2241; x_wconf 86' lang='lat' dir='ltr'>sich</span> <span class='ocrx_word' id='word_1_229' title='bbox 629 2210 680 2243; x_wconf 86' lang='lat' dir='ltr'>die</span> <span class='ocrx_word' id='word_1_230' title='bbox 701 2209 776 2241; x_wconf 72' lang='lat' dir='ltr'>Flu-</span> 
     </span>
     <span class='ocr_line' id='line_1_41' title="bbox 99 2254 770 2296; baseline -0.003 -9"><span class='ocrx_word' id='word_1_231' title='bbox 99 2255 153 2296; x_wconf 81' lang='lat' dir='ltr'>gel</span> <span class='ocrx_word' id='word_1_232' title='bbox 178 2265 219 2287; x_wconf 88' lang='lat' dir='ltr'>an</span> <span class='ocrx_word' id='word_1_233' title='bbox 244 2255 399 2288; x_wconf 80' lang='lat' dir='ltr'>scharsen</span> <span class='ocrx_word' id='word_1_234' title='bbox 425 2254 560 2286; x_wconf 84' lang='lat' dir='ltr'>Steinen</span> <span class='ocrx_word' id='word_1_235' title='bbox 585 2255 770 2291; x_wconf 78' lang='lat' dir='ltr'>zerreihen,</span> 
     </span>
     <span class='ocr_line' id='line_1_42' title="bbox 99 2299 770 2340; baseline -0.003 -8"><span class='ocrx_word' id='word_1_236' title='bbox 99 2301 181 2332; x_wconf 87' lang='lat' dir='ltr'>oder</span> <span class='ocrx_word' id='word_1_237' title='bbox 205 2300 273 2332; x_wconf 86' lang='lat' dir='ltr'>sich</span> <span class='ocrx_word' id='word_1_238' title='bbox 300 2301 382 2332; x_wconf 81' lang='lat' dir='ltr'>auch</span> <span class='ocrx_word' id='word_1_239' title='bbox 404 2299 471 2331; x_wconf 82' lang='lat' dir='ltr'>wol</span> <span class='ocrx_word' id='word_1_240' title='bbox 487 2309 549 2339; x_wconf 81' lang='lat' dir='ltr'>gar</span> <span class='ocrx_word' id='word_1_241' title='bbox 573 2301 676 2340; x_wconf 80' lang='lat' dir='ltr'>(ultro,</span> <span class='ocrx_word' id='word_1_242' title='bbox 705 2299 770 2340; x_wconf 73' lang='lat' dir='ltr'>vgl.</span> 
     </span>
     <span class='ocr_line' id='line_1_43' title="bbox 99 2344 775 2385; baseline 0 -9"><span class='ocrx_word' id='word_1_243' title='bbox 99 2345 140 2376; x_wconf 89' lang='lat' dir='ltr'>A.</span> <span class='ocrx_word' id='word_1_244' title='bbox 165 2344 213 2383; x_wconf 84' lang='lat' dir='ltr'>V,</span> <span class='ocrx_word' id='word_1_245' title='bbox 255 2347 310 2385; x_wconf 84' lang='lat'>55)</span> <span class='ocrx_word' id='word_1_246' title='bbox 343 2344 430 2378; x_wconf 86' lang='lat' dir='ltr'>heim</span> <span class='ocrx_word' id='word_1_247' title='bbox 462 2344 645 2384; x_wconf 80' lang='lat' dir='ltr'>Eintragen</span> <span class='ocrx_word' id='word_1_248' title='bbox 678 2344 775 2376; x_wconf 85' lang='lat' dir='ltr'>iiber-</span> 
     </span>
     <span class='ocr_line' id='line_1_44' title="bbox 97 2388 773 2422; baseline 0.001 -2"><span class='ocrx_word' id='word_1_249' title='bbox 97 2389 236 2422; x_wconf 82' lang='lat' dir='ltr'>nehmen</span> <span class='ocrx_word' id='word_1_250' title='bbox 266 2390 332 2422; x_wconf 88' lang='lat' dir='ltr'>und</span> <span class='ocrx_word' id='word_1_251' title='bbox 367 2395 465 2422; x_wconf 83' lang='lat' dir='ltr'>unter</span> <span class='ocrx_word' id='word_1_252' title='bbox 489 2389 549 2421; x_wconf 83' lang='lat' dir='ltr'>der</span> <span class='ocrx_word' id='word_1_253' title='bbox 572 2388 655 2421; x_wconf 89' lang='lat' dir='ltr'>Last</span> <span class='ocrx_word' id='word_1_254' title='bbox 678 2389 773 2421; x_wconf 80' lang='grc'><strong>01110-</strong></span> 
     </span>
     <span class='ocr_line' id='line_1_45' title="bbox 102 2434 776 2478; baseline 0.001 -13"><span class='ocrx_word' id='word_1_255' title='bbox 102 2443 175 2473; x_wconf 85' lang='lat' dir='ltr'>gen.</span> <span class='ocrx_word' id='word_1_256' title='bbox 205 2452 245 2458; x_wconf 86' lang='lat'><em>—</em></span> <span class='ocrx_word' id='word_1_257' title='bbox 278 2447 358 2478; x_wconf 74' lang='lat' dir='ltr'>erqo.</span> <span class='ocrx_word' id='word_1_258' title='bbox 392 2434 480 2466; x_wconf 43' lang='lat' dir='ltr'>&amp;Vas</span> <span class='ocrx_word' id='word_1_259' title='bbox 507 2434 674 2466; x_wconf 83' lang='lat' dir='ltr'>erscheint</span> <span class='ocrx_word' id='word_1_260' title='bbox 703 2435 776 2467; x_wconf 87' lang='lat' dir='ltr'>dem</span> 
     </span>
     <span class='ocr_line' id='line_1_46' title="bbox 99 2477 776 2520; baseline 0.003 -11"><span class='ocrx_word' id='word_1_261' title='bbox 99 2477 238 2510; x_wconf 86' lang='lat' dir='ltr'>Dichter</span> <span class='ocrx_word' id='word_1_262' title='bbox 274 2479 323 2512; x_wconf 83' lang='lat' dir='ltr'>als</span> <span class='ocrx_word' id='word_1_263' title='bbox 352 2479 454 2520; x_wconf 84' lang='lat' dir='ltr'>Folge</span> <span class='ocrx_word' id='word_1_264' title='bbox 488 2480 597 2511; x_wconf 85' lang='lat' dir='ltr'>dieses</span> <span class='ocrx_word' id='word_1_265' title='bbox 630 2479 776 2520; x_wconf 81' lang='lat' dir='ltr'>emsigen</span> 
     </span>
     <span class='ocr_line' id='line_1_47' title="bbox 101 2522 286 2555; baseline -0.005 0"><span class='ocrx_word' id='word_1_266' title='bbox 101 2522 286 2555; x_wconf 77' lang='lat' dir='ltr'>Strehens‘?</span> 
     </span>
    </p>

    <p class='ocr_par' dir='ltr' id='par_1_8' title="bbox 145 2568 776 2612">
     <span class='ocr_line' id='line_1_48' title="bbox 145 2568 776 2612; baseline 0.003 -11"><span class='ocrx_word' id='word_1_267' title='bbox 145 2569 315 2602; x_wconf 85' lang='lat'>210—18.</span> <span class='ocrx_word' id='word_1_268' title='bbox 342 2568 412 2602; x_wconf 89' lang='lat' dir='ltr'>Der</span> <span class='ocrx_word' id='word_1_269' title='bbox 435 2569 582 2603; x_wconf 86' lang='lat' dir='ltr'>indische</span> <span class='ocrx_word' id='word_1_270' title='bbox 600 2569 696 2603; x_wconf 88' lang='lat' dir='ltr'>Fluss</span> <span class='ocrx_word' id='word_1_271' title='bbox 713 2572 776 2612; x_wconf 79' lang='lat' dir='ltr'>Hy-</span> 
     </span>
    </p>
   </div>
   <div class='ocr_carea' id='block_1_8' title="bbox 838 1583 1524 2608">
    <p class='ocr_par' dir='ltr' id='par_1_9' title="bbox 838 1583 1524 2512">
     <span class='ocr_line' id='line_1_49' title="bbox 844 1583 1522 1626; baseline -0.004 -9"><span class='ocrx_word' id='word_1_272' title='bbox 844 1588 952 1626; x_wconf 78' lang='lat' dir='ltr'>daspes</span> <span class='ocrx_word' id='word_1_273' title='bbox 988 1584 1091 1615; x_wconf 87' lang='lat' dir='ltr'>heisst</span> <span class='ocrx_word' id='word_1_274' title='bbox 1123 1586 1247 1624; x_wconf 71' lang='lat' dir='ltr'>Medus,</span> <span class='ocrx_word' id='word_1_275' title='bbox 1285 1583 1365 1615; x_wconf 74' lang='lat' dir='ltr'>weil</span> <span class='ocrx_word' id='word_1_276' title='bbox 1403 1593 1439 1615; x_wconf 86' lang='lat' dir='ltr'>er</span> <span class='ocrx_word' id='word_1_277' title='bbox 1478 1583 1522 1615; x_wconf 80' lang='lat' dir='ltr'>ini</span> 
     </span>
     <span class='ocr_line' id='line_1_50' title="bbox 842 1627 1520 1670; baseline 0 -11"><span class='ocrx_word' id='word_1_278' title='bbox 842 1629 1030 1660; x_wconf 84' lang='lat' dir='ltr'>niedischen</span> <span class='ocrx_word' id='word_1_279' title='bbox 1092 1628 1236 1667; x_wconf 83' lang='lat' dir='ltr'>Gebirge</span> <span class='ocrx_word' id='word_1_280' title='bbox 1286 1627 1520 1670; x_wconf 83' lang='lat' dir='ltr'>Paropamisus</span> 
     </span>
     <span class='ocr_line' id='line_1_51' title="bbox 843 1672 1522 1714; baseline 0 -11"><span class='ocrx_word' id='word_1_281' title='bbox 843 1673 1039 1714; x_wconf 69' lang='lat' dir='ltr'>entspringt.</span> <span class='ocrx_word' id='word_1_282' title='bbox 1068 1690 1110 1696; x_wconf 92' lang='lat'>—</span> <span class='ocrx_word' id='word_1_283' title='bbox 1142 1685 1250 1714; x_wconf 73' lang='lat' dir='ltr'>rupere</span> <span class='ocrx_word' id='word_1_284' title='bbox 1273 1676 1380 1714; x_wconf 80' lang='lat' dir='ltr'>fidem,</span> <span class='ocrx_word' id='word_1_285' title='bbox 1417 1683 1452 1704; x_wconf 94' lang='lat' dir='ltr'>so</span> <span class='ocrx_word' id='word_1_286' title='bbox 1479 1672 1522 1704; x_wconf 80' lang='lat' dir='ltr'>ist</span> 
     </span>
     <span class='ocr_line' id='line_1_52' title="bbox 843 1717 1523 1756; baseline 0 -8"><span class='ocrx_word' id='word_1_287' title='bbox 843 1717 903 1748; x_wconf 86' lang='lat' dir='ltr'>der</span> <span class='ocrx_word' id='word_1_288' title='bbox 928 1718 1020 1748; x_wconf 90' lang='lat' dir='ltr'>Bund</span> <span class='ocrx_word' id='word_1_289' title='bbox 1047 1717 1243 1756; x_wconf 84' lang='lat' dir='ltr'>gebrochen‚</span> <span class='ocrx_word' id='word_1_290' title='bbox 1275 1717 1306 1748; x_wconf 94' lang='lat' dir='ltr'>d.</span> <span class='ocrx_word' id='word_1_291' title='bbox 1335 1717 1365 1747; x_wconf 90' lang='grc'>11.</span> <span class='ocrx_word' id='word_1_292' title='bbox 1395 1718 1523 1749; x_wconf 65' lang='grc'><strong>50111111.-</strong></span> 
     </span>
     <span class='ocr_line' id='line_1_53' title="bbox 843 1761 1522 1793; baseline 0.001 -1"><span class='ocrx_word' id='word_1_293' title='bbox 843 1762 896 1793; x_wconf 84' lang='grc'><strong>(110</strong></span> <span class='ocrx_word' id='word_1_294' title='bbox 915 1761 1091 1793; x_wconf 78' lang='lat' dir='ltr'>Eintracht</span> <span class='ocrx_word' id='word_1_295' title='bbox 1108 1767 1206 1793; x_wconf 83' lang='lat' dir='ltr'>unter</span> <span class='ocrx_word' id='word_1_296' title='bbox 1224 1762 1319 1793; x_wconf 84' lang='grc'><strong>1110011</strong></span> <span class='ocrx_word' id='word_1_297' title='bbox 1342 1762 1409 1793; x_wconf 82' lang='lat' dir='ltr'>auf.</span> <span class='ocrx_word' id='word_1_298' title='bbox 1439 1761 1522 1793; x_wconf 86' lang='lat' dir='ltr'>Zum</span> 
     </span>
     <span class='ocr_line' id='line_1_54' title="bbox 842 1806 1517 1846; baseline 0.001 -8"><span class='ocrx_word' id='word_1_299' title='bbox 842 1806 934 1846; x_wconf 80' lang='lat' dir='ltr'>Folg.</span> <span class='ocrx_word' id='word_1_300' title='bbox 961 1806 1026 1846; x_wconf 59' lang='lat' dir='ltr'>vgl.</span> <span class='ocrx_word' id='word_1_301' title='bbox 1053 1806 1136 1838; x_wconf 88' lang='grc' dir='ltr'><strong>Ρ110.</strong></span> <span class='ocrx_word' id='word_1_302' title='bbox 1166 1807 1239 1838; x_wconf 87' lang='lat' dir='ltr'>hist.</span> <span class='ocrx_word' id='word_1_303' title='bbox 1270 1812 1336 1838; x_wconf 83' lang='lat' dir='ltr'>nat.</span> <span class='ocrx_word' id='word_1_304' title='bbox 1364 1806 1423 1843; x_wconf 83' lang='lat' dir='ltr'>Xl,</span> <span class='ocrx_word' id='word_1_305' title='bbox 1456 1809 1517 1839; x_wconf 80' lang='lat'>17:</span> 
     </span>
     <span class='ocr_line' id='line_1_55' title="bbox 842 1854 1521 1894; baseline 0 -10"><span class='ocrx_word' id='word_1_306' title='bbox 842 1854 920 1884; x_wconf 82' lang='lat' dir='ltr'>Mira</span> <span class='ocrx_word' id='word_1_307' title='bbox 954 1855 1038 1894; x_wconf 81' lang='lat' dir='ltr'>plebi</span> <span class='ocrx_word' id='word_1_308' title='bbox 1076 1855 1156 1885; x_wconf 79' lang='lat' dir='ltr'>circa</span> <span class='ocrx_word' id='word_1_309' title='bbox 1193 1864 1293 1893; x_wconf 63' lang='lat' dir='ltr'>regem</span> <span class='ocrx_word' id='word_1_310' title='bbox 1336 1855 1521 1884; x_wconf 78' lang='lat' dir='ltr'>obedientia.</span> 
     </span>
     <span class='ocr_line' id='line_1_56' title="bbox 845 1899 1523 1938; baseline -0.003 -8"><span class='ocrx_word' id='word_1_311' title='bbox 845 1899 914 1930; x_wconf 77' lang='lat' dir='ltr'>Cum</span> <span class='ocrx_word' id='word_1_312' title='bbox 937 1899 1093 1938; x_wconf 79' lang='lat' dir='ltr'>procedit,</span> <span class='ocrx_word' id='word_1_313' title='bbox 1117 1909 1179 1929; x_wconf 76' lang='lat' dir='ltr'>una</span> <span class='ocrx_word' id='word_1_314' title='bbox 1205 1904 1248 1929; x_wconf 82' lang='lat' dir='ltr'>est</span> <span class='ocrx_word' id='word_1_315' title='bbox 1273 1902 1367 1929; x_wconf 81' lang='lat' dir='ltr'>totum</span> <span class='ocrx_word' id='word_1_316' title='bbox 1397 1908 1523 1929; x_wconf 72' lang='lat' dir='ltr'>examen</span> 
     </span>
     <span class='ocr_line' id='line_1_57' title="bbox 843 1944 1523 1984; baseline 0 -10"><span class='ocrx_word' id='word_1_317' title='bbox 843 1945 983 1984; x_wconf 81' lang='lat' dir='ltr'>circaque</span> <span class='ocrx_word' id='word_1_318' title='bbox 1008 1953 1073 1974; x_wconf 82' lang='lat' dir='ltr'>eum</span> <span class='ocrx_word' id='word_1_319' title='bbox 1097 1944 1248 1983; x_wconf 69' lang='lat' dir='ltr'>ylobatur,</span> <span class='ocrx_word' id='word_1_320' title='bbox 1277 1944 1388 1983; x_wconf 65' lang='lat' dir='ltr'>cingit,</span> <span class='ocrx_word' id='word_1_321' title='bbox 1419 1947 1523 1984; x_wconf 78' lang='lat' dir='ltr'>prote-</span> 
     </span>
     <span class='ocr_line' id='line_1_58' title="bbox 843 1988 1522 2028; baseline -0.001 -9"><span class='ocrx_word' id='word_1_322' title='bbox 843 1989 903 2028; x_wconf 62' lang='lat' dir='ltr'>git,</span> <span class='ocrx_word' id='word_1_323' title='bbox 932 1989 1013 2019; x_wconf 80' lang='lat' dir='ltr'>cerni</span> <span class='ocrx_word' id='word_1_324' title='bbox 1038 1998 1097 2019; x_wconf 83' lang='lat' dir='ltr'>non</span> <span class='ocrx_word' id='word_1_325' title='bbox 1120 1989 1247 2028; x_wconf 80' lang='lat' dir='ltr'>patitur.</span> <span class='ocrx_word' id='word_1_326' title='bbox 1296 1988 1420 2028; x_wconf 83' lang='lat' dir='ltr'>Reliquo</span> <span class='ocrx_word' id='word_1_327' title='bbox 1448 1992 1522 2018; x_wconf 83' lang='lat' dir='ltr'>tem-</span> 
     </span>
     <span class='ocr_line' id='line_1_59' title="bbox 838 2033 1519 2073; baseline 0.001 -11"><span class='ocrx_word' id='word_1_328' title='bbox 838 2043 932 2073; x_wconf 72' lang='lat' dir='ltr'>pore,</span> <span class='ocrx_word' id='word_1_329' title='bbox 976 2043 1041 2064; x_wconf 78' lang='lat' dir='ltr'>cum</span> <span class='ocrx_word' id='word_1_330' title='bbox 1077 2033 1209 2073; x_wconf 79' lang='lat' dir='ltr'>populus</span> <span class='ocrx_word' id='word_1_331' title='bbox 1250 2034 1282 2063; x_wconf 83' lang='lat' dir='ltr'>in</span> <span class='ocrx_word' id='word_1_332' title='bbox 1316 2033 1420 2063; x_wconf 84' lang='lat' dir='ltr'>labore</span> <span class='ocrx_word' id='word_1_333' title='bbox 1465 2036 1519 2070; x_wconf 85' lang='lat' dir='ltr'>est,</span> 
     </span>
     <span class='ocr_line' id='line_1_60' title="bbox 841 2076 1522 2118; baseline 0 -11"><span class='ocrx_word' id='word_1_334' title='bbox 841 2079 906 2118; x_wconf 74' lang='lat' dir='ltr'>ipse</span> <span class='ocrx_word' id='word_1_335' title='bbox 940 2088 1030 2118; x_wconf 83' lang='lat' dir='ltr'>opera</span> <span class='ocrx_word' id='word_1_336' title='bbox 1054 2078 1136 2108; x_wconf 79' lang='lat' dir='ltr'>intus</span> <span class='ocrx_word' id='word_1_337' title='bbox 1162 2076 1291 2115; x_wconf 71' lang='lat' dir='ltr'>circuit,</span> <span class='ocrx_word' id='word_1_338' title='bbox 1331 2078 1442 2108; x_wconf 79' lang='lat' dir='ltr'>sinz-ilis</span> <span class='ocrx_word' id='word_1_339' title='bbox 1467 2087 1522 2107; x_wconf 74' lang='lat' dir='ltr'>ea:-</span> 
     </span>
     <span class='ocr_line' id='line_1_61' title="bbox 843 2122 1523 2161; baseline 0 -9"><span class='ocrx_word' id='word_1_340' title='bbox 843 2123 996 2161; x_wconf 71' lang='lat' dir='ltr'>hortanti,</span> <span class='ocrx_word' id='word_1_341' title='bbox 1032 2123 1117 2153; x_wconf 79' lang='lat' dir='ltr'>solus</span> <span class='ocrx_word' id='word_1_342' title='bbox 1141 2123 1293 2152; x_wconf 80' lang='lat' dir='ltr'>immunis.</span> <span class='ocrx_word' id='word_1_343' title='bbox 1345 2122 1431 2152; x_wconf 82' lang='lat' dir='ltr'>Circa</span> <span class='ocrx_word' id='word_1_344' title='bbox 1456 2131 1523 2152; x_wconf 78' lang='lat' dir='ltr'>eum</span> 
     </span>
     <span class='ocr_line' id='line_1_62' title="bbox 843 2167 1522 2208; baseline -0.003 -10"><span class='ocrx_word' id='word_1_345' title='bbox 843 2168 991 2198; x_wconf 81' lang='lat' dir='ltr'>satellites</span> <span class='ocrx_word' id='word_1_346' title='bbox 1017 2168 1139 2208; x_wconf 78' lang='lat' dir='ltr'>quidam</span> <span class='ocrx_word' id='word_1_347' title='bbox 1165 2168 1364 2207; x_wconf 80' lang='lat' dir='ltr'>lictoresque,</span> <span class='ocrx_word' id='word_1_348' title='bbox 1402 2167 1522 2197; x_wconf 75' lang='lat' dir='ltr'>assidui</span> 
     </span>
     <span class='ocr_line' id='line_1_63' title="bbox 844 2212 1523 2251; baseline -0.003 -8"><span class='ocrx_word' id='word_1_349' title='bbox 844 2213 985 2243; x_wconf 76' lang='lat' dir='ltr'>custodes</span> <span class='ocrx_word' id='word_1_350' title='bbox 1025 2213 1228 2243; x_wconf 80' lang='lat' dir='ltr'>auctoritatis.</span> <span class='ocrx_word' id='word_1_351' title='bbox 1291 2212 1360 2242; x_wconf 84' lang='lat' dir='ltr'>Cam</span> <span class='ocrx_word' id='word_1_352' title='bbox 1397 2213 1523 2251; x_wconf 86' lang='lat' dir='ltr'>&#39;proces-</span> 
     </span>
     <span class='ocr_line' id='line_1_64' title="bbox 845 2256 1523 2297; baseline -0.004 -9"><span class='ocrx_word' id='word_1_353' title='bbox 845 2267 928 2295; x_wconf 81' lang='lat' dir='ltr'>scre,</span> <span class='ocrx_word' id='word_1_354' title='bbox 957 2267 989 2288; x_wconf 83' lang='lat' dir='ltr'>se</span> <span class='ocrx_word' id='word_1_355' title='bbox 1015 2267 1150 2297; x_wconf 79' lang='lat' dir='ltr'>quaeque</span> <span class='ocrx_word' id='word_1_356' title='bbox 1172 2257 1344 2297; x_wconf 66' lang='lat' dir='ltr'>proximam</span> <span class='ocrx_word' id='word_1_357' title='bbox 1367 2256 1416 2286; x_wconf 80' lang='lat' dir='ltr'>illi</span> <span class='ocrx_word' id='word_1_358' title='bbox 1441 2256 1523 2295; x_wconf 81' lang='lat' dir='ltr'>cupit</span> 
     </span>
     <span class='ocr_line' id='line_1_65' title="bbox 846 2300 1520 2341; baseline -0.003 -9"><span class='ocrx_word' id='word_1_359' title='bbox 846 2312 930 2339; x_wconf 46' lang='lat' dir='ltr'>esse:</span> <span class='ocrx_word' id='word_1_360' title='bbox 973 2306 998 2332; x_wconf 81' lang='lat' dir='ltr'>et</span> <span class='ocrx_word' id='word_1_361' title='bbox 1031 2303 1063 2332; x_wconf 84' lang='lat' dir='ltr'>in</span> <span class='ocrx_word' id='word_1_362' title='bbox 1095 2303 1194 2341; x_wconf 82' lang='lat' dir='ltr'>officio</span> <span class='ocrx_word' id='word_1_363' title='bbox 1229 2301 1363 2340; x_wconf 79' lang='lat' dir='ltr'>conspici</span> <span class='ocrx_word' id='word_1_364' title='bbox 1399 2300 1520 2339; x_wconf 65' lang='lat' dir='ltr'>gaudet.</span> 
     </span>
     <span class='ocr_line' id='line_1_66' title="bbox 844 2344 1522 2378; baseline -0.004 -1"><span class='ocrx_word' id='word_1_365' title='bbox 844 2347 969 2378; x_wconf 70' lang='lat' dir='ltr'>Fossam</span> <span class='ocrx_word' id='word_1_366' title='bbox 1007 2347 1139 2377; x_wconf 76' lang='lat' dir='ltr'>humeris</span> <span class='ocrx_word' id='word_1_367' title='bbox 1171 2346 1348 2376; x_wconf 81' lang='lat' dir='ltr'>sublevant:</span> <span class='ocrx_word' id='word_1_368' title='bbox 1388 2344 1522 2374; x_wconf 77' lang='lat' dir='ltr'>validius</span> 
     </span>
     <span class='ocr_line' id='line_1_67' title="bbox 844 2389 1523 2432; baseline -0.004 -10"><span class='ocrx_word' id='word_1_369' title='bbox 844 2392 1005 2432; x_wconf 65' lang='lat' dir='ltr'>fatigatum</span> <span class='ocrx_word' id='word_1_370' title='bbox 1030 2400 1068 2421; x_wconf 72' lang='lat' dir='ltr'>eat</span> <span class='ocrx_word' id='word_1_371' title='bbox 1092 2394 1152 2421; x_wconf 84' lang='lat' dir='ltr'>toto</span> <span class='ocrx_word' id='word_1_372' title='bbox 1175 2394 1307 2430; x_wconf 79' lang='lat' dir='ltr'>portant.</span> <span class='ocrx_word' id='word_1_373' title='bbox 1349 2389 1523 2429; x_wconf 81' lang='lat' dir='ltr'>Ubicunque</span> 
     </span>
     <span class='ocr_line' id='line_1_68' title="bbox 845 2435 1524 2474; baseline -0.003 -8"><span class='ocrx_word' id='word_1_374' title='bbox 845 2437 898 2466; x_wconf 81' lang='lat' dir='ltr'>illc</span> <span class='ocrx_word' id='word_1_375' title='bbox 937 2436 1091 2474; x_wconf 73' lang='lat' dir='ltr'>consedit,</span> <span class='ocrx_word' id='word_1_376' title='bbox 1127 2435 1171 2465; x_wconf 82' lang='lat' dir='ltr'>ibi</span> <span class='ocrx_word' id='word_1_377' title='bbox 1207 2438 1381 2466; x_wconf 79' lang='lat' dir='ltr'>cunctarum</span> <span class='ocrx_word' id='word_1_378' title='bbox 1422 2438 1524 2465; x_wconf 86' lang='lat' dir='ltr'>castra</span> 
     </span>
     <span class='ocr_line' id='line_1_69' title="bbox 846 2485 928 2512; baseline -0.024 0"><span class='ocrx_word' id='word_1_379' title='bbox 846 2485 928 2512; x_wconf 65' lang='lat' dir='ltr'>sunL</span> 
     </span>
    </p>

    <p class='ocr_par' dir='ltr' id='par_1_10' title="bbox 845 2567 1089 2608">
     <span class='ocr_line' id='line_1_70' title="bbox 845 2567 1089 2608; baseline -0.012 -7"><span class='ocrx_word' id='word_1_380' title='bbox 845 2567 1071 2608; x_wconf 78' lang='lat' dir='ltr'>Weltgeistes</span> <span class='ocrx_word' id='word_1_381' title='bbox 1082 2592 1089 2605; x_wconf 88' lang='lat'>‚</span> 
     </span>
    </p>
   </div>
   <div class='ocr_carea' id='block_1_9' title="bbox 1125 2520 1522 2599">
    <p class='ocr_par' dir='ltr' id='par_1_11' title="bbox 1125 2520 1522 2599">
     <span class='ocr_line' id='line_1_71' title="bbox 1125 2520 1521 2561; baseline -0.01 -6"><span class='ocrx_word' id='word_1_382' title='bbox 1125 2525 1245 2555; x_wconf 80' lang='lat' dir='ltr'>divinae</span> <span class='ocrx_word' id='word_1_383' title='bbox 1289 2523 1416 2561; x_wconf 81' lang='lat' dir='ltr'>mentis,</span> <span class='ocrx_word' id='word_1_384' title='bbox 1462 2520 1521 2552; x_wconf 85' lang='lat' dir='ltr'>des</span> 
     </span>
     <span class='ocr_line' id='line_1_72' title="bbox 1136 2564 1522 2599; baseline -0.008 0"><span class='ocrx_word' id='word_1_385' title='bbox 1136 2567 1196 2599; x_wconf 87' lang='lat' dir='ltr'>der</span> <span class='ocrx_word' id='word_1_386' title='bbox 1232 2565 1281 2598; x_wconf 92' lang='lat' dir='ltr'>als</span> <span class='ocrx_word' id='word_1_387' title='bbox 1311 2566 1437 2598; x_wconf 82' lang='lat' dir='ltr'>Aether</span> <span class='ocrx_word' id='word_1_388' title='bbox 1468 2564 1522 2596; x_wconf 88' lang='lat' dir='ltr'>die</span> 
     </span>
    </p>
   </div>
   <div class='ocr_carea' id='block_1_10' title="bbox 1539 344 1599 377">
    <p class='ocr_par' dir='ltr' id='par_1_12' title="bbox 1539 344 1599 377">
     <span class='ocr_line' id='line_1_73' title="bbox 1539 344 1599 377; baseline -0.017 0"><span class='ocrx_word' id='word_1_389' title='bbox 1539 344 1599 377; x_wconf 82' lang='lat'>200</span> 
     </span>
    </p>
   </div>
   <div class='ocr_carea' id='block_1_11' title="bbox 1540 620 1599 652">
    <p class='ocr_par' dir='ltr' id='par_1_13' title="bbox 1540 620 1599 652">
     <span class='ocr_line' id='line_1_74' title="bbox 1540 620 1599 652; baseline 0 0"><span class='ocrx_word' id='word_1_390' title='bbox 1540 620 1599 652; x_wconf 87' lang='lat'>205</span> 
     </span>
    </p>
   </div>
   <div class='ocr_carea' id='block_1_12' title="bbox 1540 899 1601 932">
    <p class='ocr_par' dir='ltr' id='par_1_14' title="bbox 1540 899 1601 932">
     <span class='ocr_line' id='line_1_75' title="bbox 1540 899 1601 932; baseline 0 -1"><span class='ocrx_word' id='word_1_391' title='bbox 1540 899 1601 932; x_wconf 87' lang='lat'>210</span> 
     </span>
    </p>
   </div>
   <div class='ocr_carea' id='block_1_13' title="bbox 1541 1456 1600 1489">
    <p class='ocr_par' dir='ltr' id='par_1_15' title="bbox 1541 1456 1600 1489">
     <span class='ocr_line' id='line_1_76' title="bbox 1541 1456 1600 1489; baseline 0 0"><span class='ocrx_word' id='word_1_392' title='bbox 1541 1456 1600 1489; x_wconf 85' lang='lat'>220</span> 
     </span>
    </p>
   </div>
  </div>
 </body>
</html>
