1682 2979
190 131 241 172 80
660 131 697 163 P.
718 130 881 164 VlRGlLl
899 131 1094 167 MARONIS

187 243 392 282 Mortalem
415 242 575 295 eripiam
599 243 774 293 formam,
799 245 1006 298 magnique
1027 246 1164 288 iubebo

184 298 376 351 Aequoris
400 312 486 340 esse
509 300 615 348 deas,
641 301 764 353 qualis
784 301 928 342 Nereia
949 303 1046 343 Doto

184 355 234 393 Et
256 353 413 395 Galatea
436 363 569 396 secant
589 364 827 410 spumantem
851 366 1005 412 pectore
1028 367 1196 413 pontum.

183 411 364 460 Dixerat,
395 411 508 465 idque
528 420 652 454 ratum
676 413 799 468 Stygii
820 428 889 469 per
909 415 1064 456 [lumina
1087 418 1232 466 fratris,

103 476 164 508 105
185 467 260 506 Per
281 467 363 522 pice
386 469 574 512 torrentis
595 477 753 523 atraque
775 473 963 525 voragine
984 472 1087 526 ripas
1131 504 1136 509 .

182 522 342 573 Adnuit,
368 532 407 564 et
428 533 547 565 totum
570 533 665 566 nutu
686 529 904 568 tremefecit
926 528 1140 583 Olympum.

294 581 398 634 Ergo
420 582 555 621 aderat
576 583 766 635 promissa
788 584 883 632 dies,
909 592 947 624 et
968 592 1140 638 tempora
1161 586 1305 628 Parcae

182 636 321 677 Debita
343 637 591 691 conplerant:
625 652 708 678 cum
731 639 853 680 Turni
875 640 1015 680 iniuria
1036 643 1198 682 Matrem

181 692 393 734 Admonuit
414 694 562 735 ratibus
584 694 707 735 sacris
730 695 923 749 depellere
945 697 1091 737 taedas.
1178 702 1180 704 ’

101 758 163 790 110
186 749 255 790 Hic
275 751 438 804 primum
463 765 562 790 nova
586 751 656 791 lux
677 752 798 793 oculis
821 752 981 801 offulsit,
1012 760 1051 793 et
1071 753 1207 806 ingens

181 806 298 846 Visus
320 807 367 847 ab
389 807 542 847 Aurora
565 808 714 848 caelum
736 816 1008 850 transcurrere
1030 811 1196 860 nimbus,

181 863 361 916 idaeique
383 863 516 914 chori3
552 872 630 904 tum
652 879 732 905 vox
755 866 947 906 horrenda
970 880 1038 920 per
1058 881 1174 907 auras
1200 907 1206 914 ,

180 920 337 960 Excidit
358 927 396 960 et
416 921 562 961 Troum
583 922 889 974 Rutulorumque
911 923 1064 976 agmina
1087 925 1264 978 conpletz

127 1005 132 1014 ,
181 976 239 1016 Ne
261 976 452 1030 trepidate
475 991 596 1028 meas,
622 979 778 1028 Teucri,
804 978 1010 1019 defendere
1032 981 1159 1029 navis,

100 1041 160 1072 115
182 1032 292 1073 Neve
315 1041 462 1074 armate
485 1048 622 1074 manus
641 1051 650 1083 ς
683 1036 804 1075 maria
825 1043 913 1076 ante
936 1050 1104 1076 exurere
1125 1037 1274 1086 Turno,
1304 1028 1306 1032 ,

183 1089 304 1140 Quam
326 1104 458 1131 sacras
481 1091 634 1131 dabitur
654 1092 780 1145 pinus.
826 1091 904 1131 V'os
926 1092 979 1130 ite
1001 1092 1165 1140 solutae,

180 1146 236 1186 Ite
258 1148 352 1187 deae
375 1147 519 1200 pelagi,
552 1148 736 1201 genetrix
755 1148 876 1188 iubet.
919 1148 969 1187 Et
989 1162 1061 1188 sua
1083 1161 1255 1201 quaeque

181 1203 374 1244 Continuo
397 1218 539 1257 puppes
562 1205 796 1258 abrumpunt
815 1204 968 1244 vincula
990 1204 1099 1257 ripis,

178 1260 486 1313 Delphinumque
509 1261 620 1300 modo
642 1260 830 1301 demersis
853 1274 1023 1313 aequora
1045 1260 1182 1300 rostris

98 1322 160 1354 120
183 1316 261 1356 Ima
283 1324 430 1369 petunt.
476 1317 572 1356 Hinc
595 1316 808 1370 virgineae,
836 1317 1007 1356 mirabile
1030 1324 1260 1363 monstrum,

182 1372 298 1425 [Quot
320 1372 426 1426 prius
449 1380 604 1413 aeratae
627 1380 817 1414 steterant
837 1375 882 1413 ad
905 1374 1021 1413 litora
1043 1376 1195 1426 prorae}

180 1429 358 1470 Reddunt
379 1441 421 1469 se
443 1429 603 1468 totidem
626 1430 760 1479 facies,
786 1438 977 1483 pontoque
1000 1431 1190 1470 seruntur.

292 1485 523 1538 Obstipuere
547 1486 663 1525 animi
687 1487 863 1536 Rutulis;
897 1486 1132 1526 conterritus
1153 1486 1235 1539 ipse

178 1542 361 1582 Turbatis
381 1541 584 1595 Messapus
606 1543 739 1596 equis3
774 1549 977 1591 cunctatur
998 1548 1036 1581 et
1057 1542 1181 1582 amnis

98 1605 158 1638 125
181 1599 310 1639 Rauca
331 1612 490 1648 sonans,
516 1606 750 1652 revocatque
774 1600 908 1652 pedem
929 1598 1136 1638 Tiberinus
1158 1597 1204 1638 ab
1227 1597 1320 1638 alto.

178 1657 230 1695 At
250 1669 329 1695 non
350 1655 485 1696 audaci
509 1656 644 1696 Turno
667 1656 801 1696 fiducia
824 1655 967 1705 cessit3

180 1712 289 1753 Ultro
312 1713 460 1753 animos
483 1713 584 1752 tollit
605 1713 733 1762 dictis,
758 1720 872 1765 atque
892 1713 1068 1765 increpat
1087 1711 1190 1752 ultro
1208 1728 1216 1750 :

180 1769 375 1810 Troianos
399 1770 687 1811 haec.monstra
709 1776 866 1824 petunt3
901 1769 957 1809 his
981 1768 1150 1822 luppiter
1171 1767 1253 1822 ipse

177 1826 381 1867 Auxilium
402 1826 555 1867 solitum
579 1827 736 1880 eripuit,
762 1840 838 1866 non
858 1826 936 1866 tela
958 1838 1081 1878 neque
1103 1825 1203 1878 ignis

181 2007 273 2038 nicht
299 2007 366 2038 alle
397 2006 519 2038 Schin'e
553 2007 744 2037 erreichten
772 2006 838 2038 lta-

178 2053 260 2093 lien‚
291 2062 319 2084 s.
347 2052 386 2083 A.
407 2051 432 2093 Ι,
455 2052 516 2083 113
546 2052 610 2083 und
638 2050 678 2091 V,
698 2052 773 2083 699.
795 2069 838 2075 —

180 2098 283 2140 Styg.
308 2107 372 2139 per
387 2098 432 2140 fl.
477 2096 588 2130 Ueber
615 2097 676 2128 den
699 2098 838 2129 Schwur

179 2144 266 2175 beim
286 2142 370 2186 Styx
389 2154 416 2175 s.
439 2154 469 2175 z.
491 2144 529 2174 A.
552 2142 695 2182 Vl‚323.
716 2161 759 2165 —
775 2153 839 2183 per

174 2191 246 2231 pie.
277 2192 323 2229 Α,
355 2189 436 2229 „bei
462 2189 524 2220 den
552 2188 837 2230 pecliuinkoclitcn

180 2235 245 2266 und
266 2234 669 2267 schwarzumstrudelten
692 2232 837 2266 Usern.“

178 2298 225 2304 -—
242 2280 325 2312 adn.
346 2284 381 2312 et
399 2283 424 2312 t.
444 2290 478 2311 n.
500 2283 546 2312 tr.
563 2279 630 2320 Ol„
651 2280 718 2321 vgl.
741 2279 835 2311 Hoin.

114 2339 118 2351 ι
181 2326 222 2358 ιι.
244 2325 268 2366 1,
290 2325 457 2358 528-30.

227 2392 259 2413 v.
284 2381 465 2414 107—22.
509 2382 653 2422 Parcae,
685 2382 738 2413 die
759 2381 839 2413 Got—

183 2428 294 2459 tinnen
315 2428 374 2460 des
393 2427 621 2460 Zeitablaul's.
644 2445 682 2450 -
709 2427 837 2467 debita,

183 2473 327 2505 u'amlich
357 2473 537 2515 conpleri,
563 2484 591 2505 s.
621 2484 651 2505 z.
681 2473 721 2504 A.
751 2472 835 2511 Vlll,

183 2519 260 2550 375.
278 2537 323 2542 —
349 2521 390 2551 ab
408 2520 512 2556 Aur„
541 2520 572 2551 d.
594 2519 624 2550 b.
640 2529 715 2550 -von
735 2517 837 2550 Osten

181 2565 268 2604 (vom
288 2565 511 2608 phrygisehen
532 2565 604 2607 ida)
625 2565 696 2596 her.
716 2582 759 2587 —
782 2564 836 2597 Id.

98 1891 159 1922 130
181 1883 425 1937 Exspectant
445 1884 619 1924 Rutulos.
662 1885 766 1937 Ergo
788 1882 911 1923 maria
932 1882 1038 1922 invia
1057 1881 1234 1927 Teucris,

907 2006 975 2046 elz„
997 2006 1057 2037 das
1074 2015 1181 2045 ganze
1193 2002 1335 2045 Gerolge
1349 2003 1409 2035 der
1421 2002 1561 2047 Cybele,

907 2062 934 2083 S.
955 2063 984 2083 z.
1006 2052 1045 2082 A.
1067 2049 1123 2088 ΙΙΙ,
1147 2050 1220 2080 111.
1242 2067 1280 2072 —
1306 2060 1452 2091 puppes,
1480 2061 1508 2082 s.
1530 2059 1559 2081 z.

906 2097 945 2129 A.
966 2096 1023 2134 Vl,
1044 2096 1145 2127 3-5.
1166 2113 1204 2118 -
1231 2094 1327 2126 redd.
1347 2106 1394 2135 se,
1418 2095 1561 2127 tauclien

907 2142 1034 2173 wieder
1067 2142 1198 2172 hervor.
1235 2158 1276 2163 —
1319 2140 1462 2172 totidem
1507 2141 1564 2172 hat

907 2188 1000 2219 seine
1021 2187 1211 2226 Erkliirung
1229 2186 1354 2218 bereits
1375 2186 1478 2218 durch
1503 2187 1562 2218 das

907 2233 1107 2286 vorlierfeh.
1142 2242 1206 2264 sna
1240 2242 1397 2279 q-naeque
1425 2241 1561 2274 puppes

907 2279 982 2310 abr.
1005 2278 1146 2309 vincula
1165 2277 1334 2309 erhatteus.

951 2346 982 2366 v.
1006 2335 1066 2366 1225
1084 2353 1115 2356 -—
1130 2334 1185 2365 41.
1220 2344 1291 2365 rev.
1307 2343 1346 2374 p.
1368 2331 1458 2373 le„
1487 2332 1556 2374 vgl.
1596 2361 1605 2365 ,

905 2380 945 2412 Α.
966 2379 1050 2420 Vlll,
1071 2381 1148 2412 240.
1171 2397 1210 2402 -—
1229 2379 1337 2418 ultro,
1355 2389 1383 2410 s.
1405 2389 1436 2410 z.
1456 2379 1494 2410 Α.
1518 2377 1556 2420 V,

905 2426 959 2458 55.
978 2444 1023 2449 —
1048 2436 1135 2457 aum.
1153 2425 1232 2463 sol„
1263 2425 1346 2456 denn
1367 2424 1420 2456 die
1438 2423 1561 2466 Troja-

907 2482 966 2503 ner
991 2472 1167 2503 entziehen
1193 2470 1276 2511 sich,
1307 2469 1389 2511 nach
1417 2470 1476 2501 der
1492 2470 1560 2502 An*

905 2518 994 2549 sicht
1024 2517 1082 2548 des
1109 2515 1262 2556 Turnus,
1297 2516 1360 2548 den
1388 2514 1557 2548 Gefahreu

905 2563 1006 2595 durch
1035 2563 1088 2594 die
1107 2562 1239 2594 Flucht.
1260 2579 1302 2585 -
1327 2572 1442 2604 exsp„
1469 2560 1558 2594 niim-
