1682 2979
580 171 800 205 AENEIDOS
818 171 900 204 LlB.
920 170 982 204 XI.
1384 168 1459 207 171

80 285 230 326 Primus
252 285 338 339 ego,
363 284 529 325 invisum
552 299 662 339 quem
684 292 725 326 tu
746 284 814 324 tibi
834 283 961 336 fingiS,
986 290 1026 322 et
1047 296 1132 323 esse

79 342 142 384 Nil
164 355 309 390 moror,
334 356 381 382 en
402 343 567 395 supplex
588 342 716 383 venio.
758 340 947 381 Miserere
969 346 1137 388 tuorum,
1476 343 1539 376 365

80 399 184 439 Pone
206 399 370 447 animos,
395 405 433 438 et
453 399 587 452 pulsus
609 399 687 438 abi.
729 398 797 437 Sat
816 397 953 435 funera
974 395 1048 434 fusi

78 455 266 504 Vidimus,
290 454 457 507 ingentis
479 461 517 494 et
537 454 794 495 desolavimus
815 465 944 505 agros.

77 511 171 560 Aut,
196 511 228 551 si
249 512 348 552 fama
370 517 514 559 movet,
538 511 571 551 si
594 517 738 550 tantum
761 515 916 563 pectore
937 507 1058 547 robur

81 567 277 621 Concipis,
301 573 340 607 et
360 566 392 607 si
414 567 509 607 adeo
531 567 669 606 dotalis
689 566 798 619 regia
819 565 926 605 cordi
947 571 1020 613 est,

77 624 202 673 Aude,
226 630 339 676 atque
360 623 566 664 adversum
587 623 708 663 fidens
730 624 788 662 fer
810 628 941 676 pectus
962 621 1002 661 in
1024 620 1187 660 hostem.
1477 626 1540 658 370

78 680 248 729 Scilicet,
275 686 315 720 ut
326 679 464 720 Turno
487 680 685 734 contingat
704 679 813 733 regia
835 678 1022 727 coniunx,

74 736 172 785 Nos,
197 736 346 776 animae
366 736 481 786 viles,
505 736 701 777 inhumata
721 736 930 788 infletaque
954 733 1079 783 turba,

75 792 302 833 Sternamur
322 793 480 846 campis.
523 793 648 833 Etiam
670 800 725 842 tu,
757 793 790 834 si
812 806 884 845 qua
904 791 972 831 tibi
995 791 1071 841 vis,

76 849 115 889 Si
137 849 250 902 patrii
272 849 362 902 quid
381 850 517 891 Martis
539 850 670 899 habes,
694 850 798 890 illum
821 849 950 903 aspice
971 854 1120 897 contra,

78 906 151 957 Qui
173 913 300 946 vocat.
1477 908 1540 941 375

188 962 346 1002 Talibus
369 962 519 1002 exarsit
539 962 649 1002 dictis
670 961 857 1002 violentia
873 959 1021 1010 Turni,

74 1018 148 1058 Dat
167 1018 367 1071 gemitum,
391 1018 609 1072 rumpitque
632 1019 699 1059 has
722 1019 797 1058 imo
819 1024 976 1072 pectore
997 1028 1135 1056 voces:
1156 1053 1162 1056 ,

75 1074 201 1127 Larga
223 1074 389 1127 quidem,
414 1074 582 1125 Drance,
606 1088 759 1129 semper
781 1075 846 1115 tibi
869 1073 977 1127 copia
998 1073 1101 1113 fandi

74 1130 185 1178 Tum,
212 1144 298 1170 cum
319 1130 418 1171 bella
439 1145 576 1172 manus
597 1139 785 1185 poscunt3
818 1130 1065 1185 patribusque
1089 1128 1234 1169 vocatis

72 1186 224 1227 Primus
247 1187 355 1228 ades.
399 1187 472 1227 Sed
493 1202 572 1228 non
594 1189 775 1242 replenda
797 1195 857 1228 est
877 1186 985 1227 curia
1006 1185 1153 1234 verbis,
1476 1190 1539 1222 380

76 1243 181 1294 Quae
204 1250 286 1284 tuto
307 1243 374 1283 tibi
396 1258 531 1298 magna
552 1245 700 1293 volant,
726 1245 812 1284 dum
835 1244 991 1283 distinet
1012 1241 1160 1281 hostem

72 1300 205 1354 Agger
224 1314 460 1350 moerorum,
485 1314 556 1341 nec
578 1301 766 1340 inundant
787 1299 976 1353 sanguine
999 1300 1140 1338 fossae.

72 1356 240 1399 Proinde
261 1363 352 1398 tona
374 1357 525 1411 eloquio
541 1352 554 1405 ς’
575 1357 729 1398 solitum
753 1356 842 1406 tibi,
876 1369 1012 1409 meque
1033 1354 1184 1411 timoris

70 1413 202 1466 Argue
223 1419 279 1462 tu,
303 1413 468 1468 Drance,
493 1415 641 1467 quan-do
662 1421 719 1454 tot
740 1413 883 1467 stragis
905 1425 1066 1453 acervos

71 1469 310 1509 Teucrorum
334 1477 398 1510 tua
420 1471 558 1511 dextra
579 1470 698 1520 dedit,
726 1470 946 1525 passimque
966 1467 1136 1522 tropaeis
1476 1472 1539 1505 385

71 1525 238 1579 Insignis
261 1540 390 1579 agros.
431 1528 562 1567 Possit
582 1527 671 1579 quid
690 1527 821 1568 vivida
843 1526 984 1573 virtus,

70 1582 288 1635 Experiare
310 1583 423 1636 lipet3
456 1597 528 1623 nec
548 1583 662 1636 longe
684 1583 829 1623 scilicet
850 1582 982 1622 hostes

71 1638 290 1688 Quaerendi
312 1639 445 1691 nobis3
480 1640 734 1680 circumstant
756 1640 921 1692 undique
947 1651 1096 1678 muros.

71 1695 173 1735 Imus
195 1696 234 1735 in
256 1695 444 1736 adversos
457 1687 548 1739 'll—-
570 1696 666 1747 Quid
688 1697 845 1737 cessas?
875 1709 923 1736 an
947 1694 1013 1734 tibi
1033 1694 1190 1735 Mavors

69 1751 240 1792 Ventosa
260 1751 302 1791 in
325 1752 457 1806 lingua
478 1754 711 1807 pedibusque
734 1753 932 1808 fugacibus
954 1752 1038 1792 istis
1473 1758 1537 1790 390

72 1808 234 1862 Semper
254 1808 357 1848 erit?

70 1864 211 1905 Pulsus
233 1865 334 1918 ego?
363 1871 429 1905 aut
449 1865 650 1919 quisquam
673 1866 827 1915 merito,
851 1864 1089 1916 foedissime,
1115 1864 1262 1918 pulsum

69 1921 233 1974 Arguet,
259 1921 372 1961 Iliaco
395 1923 576 1962 tumidum
599 1923 660 1975 qui
683 1935 860 1962 crescere
881 1921 1064 1975 Thybrim

71 1976 266 2032 Sanguine
289 1985 328 2016 et
348 1978 518 2017 Euandri
540 1986 657 2018 totam
679 1992 764 2018 cum
786 1978 906 2031 stirpe
928 1978 1073 2020 videbit

70 2033 327 2074 Procubuisse
349 2034 517 2083 domum,
541 2042 654 2087 atque
677 2042 817 2075 exutos
839 2034 1012 2075 Arcadas
1033 2033 1180 2073 armis?
1473 2041 1536 2073 395

71 2090 181 2130 Haud
200 2091 255 2130 ita
275 2104 336 2130 me
357 2091 510 2145 experti
530 2091 648 2131 Bitias
671 2098 710 2131 et
730 2091 928 2131 Pandarus
948 2090 1103 2144 ingens,

71 2237 217 2269 Aeneas.
253 2255 294 2260 —
325 2239 430 2269 invz's.
471 2239 604 2269 invisus
637 2238 729 2271 steht
797 2249 825 2271 s.
845 2240 884 2270 A.
904 2237 993 2277 VlIl,
1015 2238 1046 2269 ⁶3.
1067 2256 1108 2261 -—
1125 2248 1201 2280 asp.
1222 2241 1360 2279 contra,
1380 2239 1449 2279 vgl.

73 2283 195 2314 hier’in
220 2282 364 2314 activem
383 2282 478 2323 Siun,
507 2283 577 2324 vgl.
598 2283 725 2316 Lucan.
796 2284 891 2316 Hom.
912 2284 950 2316 11.
972 2283 1066 2321 xlx,
1091 2284 1142 2316 15.
1277 2288 1279 2290 ’

73 2327 98 2366 Ι,
127 2328 166 2360 9:
205 2338 293 2370 quae
320 2332 420 2360 tanta
447 2329 588 2360 lieentia
610 2330 725 2371 sei-ri,
839 2340 873 2361 v.
894 2330 1059 2361 376—955.
1083 2330 1185 2371 lar-ga
1203 2328 1362 2371 quedem,-
1381 2329 1448 2370 vgl.

12 2394 16 2399 ·
77 2373 242 2406 Gentibus
260 2374 542 2406 τήυι“.ς1’.ς·[ΛιίίιηηΥ
556 2376 727 2416 praebere
796 2375 888 2407 Hom.
918 2374 955 2406 ΙΙ.
984 2374 1023 2414 ll,
1045 2375 1120 2407 796.
1148 2393 1191 2398 -
1217 2385 1299 2416 agg.
1325 2385 1448 2415 moer„

75 2429 230 2451 cruorem
245 2421 260 2451 ?
309 2419 393 2451 488:
430 2422 610 2461 invisaque
645 2421 729 2452 belli
795 2431 823 2453 s.
845 2432 875 2452 z.
897 2421 936 2452 Α.
957 2419 1001 2460 Χ,
1021 2421 1075 2452 24.
1098 2438 1137 2444 —
1156 2422 1217 2452 im.
1238 2423 1287 2452 in.
1308 2421 1386 2452 adv.
1413 2415 1486 2522 ln&

78 2464 288 2496 Consulibus
302 2466 463 2507 ,fugiens
498 2466 646 2498 mandat
670 2467 727 2498 de·
795 2467 856 2497 der
875 2465 982 2505 Frage
1010 2466 1091 2506 liegt
1109 2467 1162 2498 die
1181 2466 1446 2507 Aufforderung:

75 2513 171 2541 creta
198 2513 355 2542 senatus.
382 2529 420 2534 —
444 2511 572 2553 pulsus
596 2513 666 2552 abi,
695 2523 723 2544 s.
795 2508 875 2543 ἀλλ’
896 2512 1007 2555 ἴομεν,
1029 2514 1111 2554 quin
1131 2514 1248 2544 imus?
1265 2530 1306 2535 -——
1332 2513 1450 2544 Euan-

74 2561 176 2587 unteu
203 2567 235 2587 v.
256 2555 331 2587 392.
356 2574 398 2579 —
423 2561 483 2589 sat
499 2557 544 2588 ist
560 2557 622 2589 mit
640 2558 727 2589 vz'dz'-
795 2558 854 2589 dri
872 2561 925 2589 tot
943 2569 969 2588 v.
989 2560 1033 2588 st.
1055 2557 1162 2596 dom„
1192 2558 1278 2589 denn
1296 2558 1356 2590 mit
1374 2558 1446 2590 dem

16 2616 21 2619 -
74 2611 151 2633 mus
169 2612 210 2633 zu
228 2602 424 2634 verbiuden.
446 2621 486 2627 —
504 2603 613 2635 desol.
630 2613 724 2645 agr„
795 2602 888 2635 Tode
925 2603 982 2634 des
1008 2602 1122 2636 Pallas
1149 2604 1264 2636 verlor
1289 2603 1448 2636 Euander
