1682 2979
188 149 241 187 90
666 144 701 177 P.
722 144 889 178 VlRGlLl
909 145 1102 179 MAROMS

103 267 168 298 320
190 257 375 310 Euryale,
401 256 621 296 audendum
645 255 810 303 dextra3
846 271 948 297 nune
969 257 1052 310 ipsa
1073 266 1186 299 vocat
1205 272 1286 299 res.

188 313 268 352 Hac
290 312 366 351 iter
388 319 461 352 est.
505 312 580 360 Tu,
606 325 654 352 ne
676 327 751 365 qua
772 327 909 353 manus
931 327 974 354 se
995 314 1174 355 attollere
1197 316 1307 355 nobis

184 368 218 408 A
240 375 352 420 tergo
375 368 511 422 possit,
538 369 688 408 custodi
711 376 751 408 et
773 370 933 409 consule
955 369 1094 423 longe3

155 464 166 470 ,
188 424 292 464 Haec
315 437 387 477 ego
409 431 522 464 vasta
543 424 655 475 dabo,
681 432 720 464 et
741 426 817 466 lato
842 432 878 465 te
900 426 1022 466 limite
1044 426 1195 467 ducam.

185 480 248 519 Sio
272 487 474 530 memorat,
501 493 712 534 vocemque
736 483 898 535 premit3
933 483 1047 523 simul
1070 496 1163 523 ense
1186 484 1394 536 superbum

99 544 164 575 325
186 535 441 576 Rhamnetem
465 536 705 590 adgreditur,
731 538 794 590 qui
818 540 915 578 sorte
937 540 1132 592 tapetibus
1155 540 1244 579 altis

184 592 419 632 Exstruetns
442 598 524 631 toto
548 593 736 645 proflabat
757 601 915 646 pectore
937 608 1131 643 somnum,

184 648 268 687 Rex
291 647 409 696 idem,
435 654 474 687 et
495 648 577 701 regi
600 649 734 689 Turno
756 649 1004 702 gratissimus
1027 665 1174 704 augur,

185 703 259 743 Sed
282 718 359 743 non
382 705 547 755 augurio
571 704 694 756 potuit
715 705 911 758 depellere
934 712 1096 758 pestem.

182 760 271 800 Tris
295 760 406 799 iuxta
429 760 594 800 famulos
617 768 765 799 temere
789 762 893 801 inter
915 762 989 801 tela
1010 762 1176 803 iacentis

97 824 164 856 330
186 815 515 868 Armigerumque
539 816 645 855 Remi
669 817 811 870 premit
832 818 1085 870 aurigamque
1107 818 1178 858 sub
1200 819 1294 872 ipsis

181 872 329 912 Nactus
352 873 478 924 equis,
504 873 687 924 ferroque
709 880 819 926 secat
841 875 1049 927 pendentia
1070 874 1192 922 eolla3

181 929 278 968 Tum
303 934 417 981 caput
437 929 510 981 ipsi
533 929 660 969 aufert
681 930 853 978 domino,
879 937 1133 983 truncumque
1156 930 1343 983 relinquit

183 984 383 1037 Sanguine
405 984 711 1037 singultantemg
746 993 832 1026 atro
856 987 1046 1039 tepefacta
1070 1000 1212 1026 cruore

182 1041 304 1080 Terra
328 1041 479 1093 torique
502 1041 671 1080 madent.
716 1041 798 1082 Nec
820 1056 897 1082 non
920 1043 1208 1096 Lamyrumque
1230 1043 1470 1095 Lamumque

94 1104 159 1136 335
183 1098 232 1136 Et
254 1097 434 1137 iuvenem
458 1097 688 1146 Serranum,
712 1097 779 1138 illa
801 1098 865 1151 qui
888 1098 1051 1151 plurima
1075 1106 1190 1138 nocte

180 1153 366 1201 Luserat,
392 1153 558 1204 insignis
582 1154 695 1201 facie,
722 1155 920 1207 multoque
942 1155 1094 1194 iacebat

178 1209 355 1248 Membra
378 1209 449 1248 deo
474 1210 623 1259 vietus3
660 1210 770 1258 felix,
798 1211 830 1250 si
854 1210 1030 1263 protinus
1053 1211 1160 1250 illum

181 1265 401 1317 Aequasset
423 1266 526 1304 noeti
551 1266 681 1304 ludum
703 1266 742 1305 in
765 1266 969 1319 lucenique
993 1267 1163 1307 tulisset.

185 1320 362 1374 lnpastus
387 1334 457 1360 eeu
481 1321 590 1374 plena
615 1322 675 1361 leo
699 1335 768 1375 per
789 1323 910 1363 ovilia
933 1323 1094 1362 turbans
1117 1347 1170 1352 ——

91 1384 158 1416 340
181 1376 326 1417 Suadet
348 1377 449 1415 enim
476 1390 619 1417 vesana
642 1379 763 1418 fames
789 1403 839 1407 —
862 1379 1083 1431 manditque
1112 1378 1305 1429 trahitque

177 1433 294 1472 Molle
318 1445 436 1484 pecus
460 1440 684 1485 mutumque
706 1441 834 1481 metug
873 1435 1002 1474 fremit
1023 1448 1092 1474 ore
1114 1440 1293 1474 cruento.

175 1487 257 1528 Neo
279 1488 407 1528 minor
428 1488 590 1542 Euryali
613 1491 780 1538 eaede83
814 1490 1000 1531 incensus
1023 1498 1061 1529 et
1082 1491 1164 1543 ipse

179 1544 366 1593 Pet-furit,
392 1558 436 1584 ac
458 1544 618 1584 multam
642 1545 680 1584 in
704 1546 830 1585 medio
853 1547 938 1586 sine
961 1547 1116 1586 nomine
1135 1546 1302 1599 plebem,

177 1600 401 1653 Fadumque
425 1600 719 1653 Herbesumque
742 1602 848 1642 subit
868 1602 1137 1656 Rhoetumque
1159 1602 1413 1655 Abarimque,

180 1656 364 1710 Ignaros:
398 1657 588 1697 Rhoetum
611 1658 838 1710 vigilantem
862 1666 899 1699 et
921 1667 1058 1698 cuneta
1081 1659 1301 1708 videntem,

176 1713 250 1752 Sed
273 1727 457 1767 magnum
479 1720 658 1754 metuens
681 1728 723 1754 se
746 1722 833 1768 post
853 1722 1009 1755 cratera
1031 1714 1208 1769 tegebat:

174 1770 338 1810 Pectore
361 1769 399 1809 in
422 1770 590 1811 adverso
614 1778 734 1810 totum
758 1772 818 1811 oui
842 1772 1060 1812 comminus
1085 1785 1217 1812 ensem

90 1664 156 1696 345

176 1881 395 1914 Vordertheil
417 1884 448 1918 in
470 1884 523 1914 die
545 1883 637 1915 titihe
658 1885 843 1922 ricbteten‚

177 1938 275 1958 wenn
305 1938 381 1959 man
402 1929 462 1959 das
482 1928 688 1961 Hintertheil
711 1931 845 1961 nieder-

176 1972 333 2003 driickte.
377 1991 419 1995 —-
462 1983 533 2003 voe.
566 1984 705 2014 prem„
749 1975 843 2013 „und

176 2016 328 2058 ‹ltimpfte
364 2018 416 2048 die
446 2017 629 2049 Stimme.“
674 2019 707 2049 ln
737 2019 843 2051 Prosa

175 2062 292 2093 wiirde
319 2062 380 2094 der
407 2062 486 2094 Satz
515 2064 546 2094 in
578 2064 739 2095 welchein
761 2063 844 2096 Ver-

176 2107 322 2138 hattniss
357 2118 398 2138 zu
434 2108 509 2139 dem
537 2110 842 2148 vorhergehenden

172 2152 317 2184 stehen‘t
343 2170 386 2176 —-
415 2156 487 2193 top.
509 2154 574 2185 all.
596 2158 727 2193 amir„
755 2166 842 2195 „ge-

174 2197 284 2228 bettet
331 2197 395 2228 aul'
440 2198 549 2229 hohen
601 2198 839 2241 Teppiclien.“

174 2242 265 2273 Hoch
295 2243 429 2274 heissen
458 2243 511 2274 die
533 2243 705 2286 Tepplche
724 2255 839 2284 wegen

173 2288 234 2319 der
276 2298 415 2328 grossen
452 2287 634 2329 Unterlage
668 2300 731 2321 von
768 2290 840 2327 Pol-

173 2337 291 2371 stern,
320 2333 404 2365 iiber
429 2334 558 2365 welche
587 2335 641 2366 (lie
668 2335 839 2377 Teppiche

172 2378 343 2417 gebreitet
363 2379 522 2419 wurden3
544 2381 611 2419 vgl.
629 2380 716 2412 Stat.
730 2380 836 2412 Theb.

172 2422 214 2459 lt,
250 2423 310 2454 91:
349 2434 472 2465 mgens
496 2425 655 2465 suderat
681 2427 839 2469 Assyriis

171 2472 362 2500 emm-ncta
382 2471 564 2510 tapetibus
584 2472 657 2502 allo
678 2471 837 2503 Membra

172 2516 263 2545 toro.
286 2532 328 2536 —
353 2515 413 2545 sed
432 2525 499 2546 non
522 2526 621 2557 ungu,
649 2517 716 2557 vgl.
739 2516 834 2548 Hom.

172 2557 210 2589 ΙΙ.
232 2558 271 2598 ll,
293 2559 461 2590 853-59.

962 1896 994 1916 v.
1016 1885 1183 1916 329—50.
1213 1888 1336 1925 iuoeta,
1360 1885 1446 1916 dsh.
1469 1885 1500 1915 in
1521 1885 1581 1915 det·

915 1928 1008 1961 Ntihe
1023 1931 1082 1961 des
1097 1929 1278 1961 Rhamnes.
1290 1948 1333 1953 -—
1349 1933 1478 1961 temere
1495 1932 1577 1968 iarn,

915 1971 962 2010 ὠς
990 1973 1129 2016 ἔτυχον.
1155 1992 1200 1997 -—-
1234 1975 1350 2014 donn,
1386 1975 1419 2005 d.
1449 1975 1469 2005 i.
1505 1975 1578 2005 dem

915 2019 1050 2050 Remus.
1080 2037 1119 2042 ——
1151 2023 1249 2050 terra
1277 2023 1345 2051 tor.
1366 2019 1477 2060 mad.,
1508 2020 1577 2060 vgl.

915 2064 1008 2095 Hom.
1026 2064 1089 2096 Od.
1112 2064 1172 2104 xl,
1193 2065 1270 2096 419.
1291 2082 1334 2087 —
1352 2067 1428 2106 inp.
1449 2075 1510 2096 eeu
1526 2066 1576 2105 pl.

914 2110 979 2140 loo.
1024 2109 1085 2141 Mit
1114 2111 1186 2140 dem
1209 2110 1302 2141 Bilde
1330 2111 1397 2150 vgl.
1421 2109 1517 2141 Hom.
1538 2110 1576 2141 ll.

913 2154 989 2192 Xll,
1020 2155 1225 2186 299—2506.
1252 2173 1297 2179 ——
1324 2156 1487 2195 ten-bans,
1517 2156 1577 2188 das

913 2200 1039 2231 homer.
1060 2201 1228 2232 κλονέων.
1256 2218 1296 2223 —
1322 2203 1357 2231 in
1379 2201 1484 2241 med,
1514 2201 1577 2232 wie
1596 2235 1598 2238 ,

912 2246 961 2275 sie
983 2246 1048 2276 ihm
1068 2246 1192 2285 gerade
1211 2246 1254 2277 im
1273 2245 1383 2286 WVege
1403 2246 1576 2286 legemr--

913 2293 1078 2330 fgnaroS,
1106 2290 1346 2331 unvermerkt3
1373 2291 1456 2322 doch
1485 2291 1573 2322 hrin-

912 2347 973 2374 μου
996 2337 1049 2367 die
1071 2337 1233 2368 niichsten
1254 2335 1376 2368 Worte
1395 2336 1472 2367 eine
1490 2336 1576 2367 Aus-

912 2382 1045 2412 nahine.
1073 2399 1118 2405 —
1147 2382 1208 2413 sed
1234 2392 1269 2411 se
1297 2384 1369 2422 teg.
1414 2381 1482 2412 Der
1510 2381 1575 2413 Ge—

910 2426 1020 2457 danke
1050 2427 1114 2458 ist:
1149 2426 1302 2467 obgleieb
1332 2426 1482 2458 Rhoetus
1511 2427 1572 2458 den

910 2471 1078 2513 Euryalus
1116 2472 1310 2511 bennerkte,
1354 2481 1391 2503 so
1427 2472 1574 2503 verthei-

909 2517 1000 2556 digte
1029 2527 1065 2548 er
1092 2517 1162 2548 sich
1184 2517 1268 2548 doch
1290 2517 1396 2557 nicht,
1423 2518 1571 2548 sondern

907 2562 1028 2593 suehte
1049 2563 1118 2593 sich
1137 2573 1177 2594 zu
1190 2563 1450 2602 verbergen.—
1468 2563 1569 2594 mult.

1660 2141 1678 2221 -l

1675 2223 1678 2237 l

1675 2242 1678 2259 l
