1682 2979
549 175 770 209 AENEIDOS
796 176 878 209 LIB.
906 176 962 209 VI.

1416 170 1427 207 ·1
1441 169 1491 208 69

21 314 23 317 ,
79 280 122 320 Si
152 278 282 331 potuit
308 277 434 317 Manis
464 288 667 316 arcessere
698 277 878 327 coniugis
909 277 1104 328 Orpheus,

78 334 263 374 Threicia
292 334 415 373 fretus
445 332 595 379 cithara
624 332 849 384 fidibusque
879 333 1049 379 canoris,

78 390 121 430 Si
147 391 314 430 'fratrem
342 388 479 428 Pollux
509 388 659 428 alterna
689 394 816 427 morte
845 387 1024 433 redemit,

76 447 189 496 Itque
220 445 400 496 reditque
430 444 531 482 viam
562 443 721 483 totiens.

781 442 884 489 Quid
915 443 1069 481 Thesea
1100 455 1296 493 magnum,

81 500 184 548 Quid
215 512 430 539 memorem
461 497 655 538 Alciden?
687 504 725 538 et
753 499 807 537 mi
839 510 962 548 genus
993 497 1041 537 ab
1072 498 1163 537 Iove
1194 511 1359 538 summo.

190 555 351 594 Talibus
383 554 519 594 orabat
548 554 685 600 dictis,
717 566 885 604 arasque
916 553 1087 601 tenebat,

79 612 175 650 Cum
205 611 264 650 sic
295 622 385 649 orsa
415 610 524 661 loqui
554 615 682 649 vates:
715 610 807 649 Sate
838 609 1030 659 sanguine
1061 610 1203 657 divom,

77 667 178 705 Tros
207 666 459 712 Anchisiade,
491 665 620 705 facilis
651 665 868 705 descensus
898 668 1073 712 Avern03

76 722 223 761 Noctes
256 727 370 772 atque
402 721 487 760 dies
517 727 627 772 patet
656 721 730 760 atri
761 721 876 760 ianua
906 721 1031 769 Ditis,
1083 747 1089 753 -

77 777 157 816 Sed
187 789 372 816 revocare
402 777 564 827 gradum
595 789 840 828 superasque
871 777 1036 816 evadere
1068 777 1115 815 ad
1147 789 1275 823 auras,

76 833 162 871 Hoc
193 845 305 883 opus,
336 832 402 871 hic
431 832 544 870 labor
574 838 648 871 est.

706 831 838 877 Pauci,
872 844 970 882 quos
1002 844 1151 882 aequus
1183 831 1325 871 amavit

75 888 266 939 Iuppiter,
298 894 365 926 aut
393 887 535 926 ardens
567 886 694 925 evexit
724 887 771 924 ad
803 886 961 925 aethera
994 887 1131 933 virtus,

76 943 145 981 Dis
176 942 298 991 geniti
329 948 509 992 potuere.

569 941 724 980 Tenent
752 941 881 980 media
914 942 1047 980 omnia
1078 942 1212 988 silvae,

62 998 321 1048 ,Cocytusque
351 996 440 1035 sinu
470 996 607 1035 labens
639 996 897 1035 circumvenit
927 1002 1026 1036 atro.

77 1052 191 1099 Quod
211 1052 255 1091 „si
288 1057 417 1091 tantus
449 1064 560 1091 amor
589 1052 723 1099 menti,
756 1051 790 1090 si
824 1057 927 1091 tanta
960 1052 1117 1103 cupido,

12 1113 20 1116 ’
74 1108 142 1146 Bis
174 1108 330 1159 Stygios
363 1107 501 1147 innare
531 1107 662 1154 136115,
692 1107 754 1146 bis
786 1107 897 1158 nigra
925 1108 1060 1147 videre

75 1163 251 1211 Tartara,
284 1169 323 1202 et
352 1163 491 1203 insano
523 1163 626 1201 iuvat
655 1162 860 1213 indulgere
890 1163 1028 1210 labori,

73 1218 231 1269 Accipe,
265 1231 364 1269 quae
394 1214 617 1268 peragenda
647 1218 772 1269 prius.
830 1219 946 1257 Latet
975 1219 1115 1257 arbore
1147 1230 1269 1269 opaca

73 1275 225 1313 Aureus
257 1279 296 1313 et
323 1273 431 1312 foliis
463 1279 502 1313 et
530 1274 637 1312 lento
669 1274 813 1312 vimine
843 1286 989 1320 ramus,
1250 1279 1255 1284 ’

73 1329 215 1368 Iunoni
245 1328 423 1368 internae
453 1329 582 1368 dictus
614 1341 750 1377 sacer,
781 1330 887 1368 hunc
916 1330 1007 1379 tegit
1042 1329 1171 1368 omnis

72 1385 204 1423 Lucus
234 1390 274 1423 et
302 1384 484 1424 obscuris
513 1385 700 1424 claudunt
728 1384 972 1424 convallibus
1002 1385 1179 1424 umbrae.

74 1440 153 1478 Sed
185 1452 264 1478 non
295 1446 385 1479 ante
416 1441 530 1479 datur
560 1440 711 1480 telluris
744 1446 880 1491 operta
911 1441 1057 1485 subire,

73 1495 307 1534 Auricomos
339 1508 456 1547 quam
488 1496 554 1547 qui
585 1496 832 1547 decerpserit
861 1496 1002 1535 arbore
1032 1497 1149 1535 fetus.

72 1551 157 1589 Hoc
188 1550 265 1589 sibi
295 1552 460 1601 pulchra
491 1564 605 1590 suum
638 1552 730 1590 ferri
761 1552 1001 1602 Proserpina
1032 1563 1173 1590 munus

72 1671 146 1703 thus
169 1681 245 1702 vom
271 1670 427 1713 Orpheus
451 1681 477 1702 s.
493 1670 531 1703 G.
553 1670 607 1707 IV,
633 1671 747 1702 453-

73 1717 150 1748 527.
174 1724 218 1739 -—'
241 1715 374 1749 Pollux
395 1715 459 1746 und
486 1714 608 1746 Castor
631 1725 747 1746 waren

75 1759 182 1792 St'ihne
208 1759 268 1791 der
291 1759 401 1797 Leda,
432 1760 513 1791 doeh
533 1761 643 1800 jener,
672 1769 746 1791 vom

73 1803 204 1846 Jupiter
228 1809 386 1844 gezeugt‚
417 1804 634 1841 unsterblich,
678 1804 746 1835 die·

75 1858 140 1884 ser,
176 1858 250 1879 vom
284 1847 482 1890 Tyndareus
517 1854 739 1890 entsprosseu‚

73 1891 241 1924 sterblich.
291 1891 342 1923 Da
365 1892 463 1924 beide
487 1893 617 1924 Briider
634 1893 745 1924 einan-

73 1937 133 1969 der
163 1936 306 1968 herzlich
338 1938 502 1977 zugethan
537 1948 671 1974 waren,
709 1947 745 1968 so

73 1986 253 2021 gestattete
285 1980 416 2024 Jupiter
448 1981 535 2013 beini
568 1981 660 2013 Tode
687 1982 744 2013 des

73 2025 201 2063 Castor,
242 2026 318 2057 dass
343 2026 396 2057 die
419 2026 538 2058 beiden
562 2026 745 2058 Dioscuren

73 2070 168 2102 einen
199 2069 273 2110 Tag
301 2070 356 2101 bei
389 2071 451 2102 den
484 2070 642 2108 Gfittern¹
683 2071 744 2102 den

72 2114 197 2146 andern
222 2114 255 2146 in
279 2115 339 2146 der
363 2110 548 2147 Unterwelt
585 2115 745 2147 zubrz'ich-

72 2165 138 2197 ten,
168 2159 232 2199 vgl.
256 2159 348 2191 Hom.
372 2158 503 2196 Od.X1‚
528 2161 672 2192 300-4.
702 2178 744 2185 -

16 2212 23 2217 “
76 2203 224 2236 Theseus
248 2204 334 2244 stieg
357 2204 415 2236 mit
439 2204 563 2236 seinem
592 2205 744 2236 Freunde

71 2248 239 2280 Pirithous
265 2248 298 2280 in
323 2248 387 2288 die,
403 2249 599 2286 Untemvelt,
625 2260 677 2281 um
692 2250 744 2281 (lie

71 2293 272 2336 Proserpina
309 2293 382 2325 dem
423 2293 517 2325 Pluto
552 2305 593 2325 zu
617 2294 746 2326 entsiih-

73 2347 145 2369 ren.
173 2355 214 2361 -
238 2337 396 2379 Alciden,
422 2349 449 2370 s.
470 2347 499 2369 z.
517 2338 555 2369 E.
570 2339 669 2375 7‚61.
699 2358 741 2363 -—-

73 2385 107 2413 et
137 2383 187 2412 mi
207 2391 288 2422 gen.
321 2384 363 2414 ab
396 2383 422 2415 J.
448 2394 473 2415 s.
533 2382 626 2423 Virg.
665 2383 746 2423 solgt

72 2426 146 2457 hier
170 2425 230 2457 der
253 2427 398 2466 Augabe,
439 2428 516 2460 dass
554 2427 607 2459 die
633 2427 744 2460 Venus

74 2470 147 2501 eine
171 2469 316 2502 Toehter
339 2471 397 2504 des
420 2471 551 2515 Jupiter
573 2482 661 2504 war.

116 2525 148 2546 v.
171 2515 334 2548 124—36.
362 2526 414 2548 αν.
440 2520 519 2558 ten„
545 2527 572 2549 s.
589 2516 741 2554 z.A.1V,

74 2559 150 2593 219.
177 2575 222 2584 —
244 2559 395 2602 Averno,
420 2560 528 2605 in'die
546 2561 741 2594 Unterwelt.

816 1690 859 1694 -—
883 1681 1029 1713 supet-(15
1060 1670 1108 1701 acl
1139 1680 1214 1702 amu
1276 1669 1338 1701 Die
1364 1669 1396 1700 in
1432 1669 1492 1702 der

817 1715 1002 1747 Enterwelt
1041 1713 1245 1747 W'eilenden
1289 1714 1490 1746 bezeichnen

817 1760 869 1791 die
897 1759 1068 1791 Oherwelt
1101 1760 1159 1791 luit
1195 1758 1373 1791 denselben
1407 1760 1490 1801 Aps-

816 1804 971 1841 ‹li-(ichen,
1001 1803 1128 1835 welche
1156 1804 1207 1836 die
1234 1804 1295 1835 auf
1315 1804 1375 1835 der
1398 1804 1489 1836 Erde

815 1849 995 1881 Lebenden
1028 1859 1101 1879 vom
1136 1848 1274 1880 Gehiete
1309 1848 1369 1879 der
1410 1848 1491 1881 Lust

816 1894 881 1925 und
907 1894 964 1925 des
990 1893 1145 1925 Hinnnels
1171 1893 1390 1933 gebrant-hen,
1419 1893 1485 1933 vgl.

816 1944 916 1970 unten
940 1949 971 1969 v.
998 1939 1075 1970 436.
1095 1939 1173 1970 481.
1197 1939 1273 1970 568.
1302 1939 1379 1970 719.
1409 1939 1485 1970 751.

815 2000 857 2005 —
883 1992 1023 2023 aequus,
1049 1981 1113 2021 igl.
1136 1982 1174 2012 A.
1196 1980 1221 2018 Ι,
1242 1982 1319 2014 479.
1342 1983 1417 2015 668.
1447 2000 1490 2006 —

815 2037 862 2059 ev.
890 2027 938 2058 acl
955 2027 1055 2067 aelli„
1082 2025 1221 2063 s.z.llI‚
1241 2027 1313 2059 158.
1336 2046 1377 2050 --
1408 2025 1487 2058 Ten.

812 2072 899 2103 med.
927 2082 1016 2103 omn.
1042 2082 1067 2102 S.
1094 2070 1239 2103 &Varum
1262 2071 1307 2102 ist
1331 2082 1366 2102 es
1389 2070 1490 2103 leich-

814 2121 875 2154 ter,
905 2116 938 2148 in
965 2116 1017 2148 die
1043 2115 1228 2147 [nterwelt
1252 2126 1292 2147 zu
1313 2116 1483 2156 gelangen,

814 2161 864 2193 als
890 2171 949 2192 aus
975 2161 1028 2192 ihr
1061 2160 1191 2192 wieder
1224 2160 1286 2192 den
1318 2160 1490 2200 Riickweg

814 2216 875 2237 zur
910 2204 1082 2236 Oberwelt
1113 2215 1153 2236 zu
1189 2205 1323 2236 finden?
1356 2224 1397 2228 —
1439 2207 1489 2236 bis

815 2250 928 2293 Styg„
953 2249 1019 2289 vgl.
1048 2249 1144 2280 Hom.
1173 2249 1234 2280 Od.
1251 2248 1325 2286 XII,
1341 2250 1485 2282 21—22.

858 2305 890 2326 v.
900 2294 1063 2326 136—48.
1079 2293 1158 2324 lent.
1172 2293 1488 2333 vz'm.‚1nitschwan-

814 2339 875 2370 ker
900 2338 1016 2374 Ruthe,
1046 2337 1111 2377 vgl.
1133 2336 1172 2368 G.
1189 2336 1244 2374 lv,
1266 2338 1320 2370 34.
1347 2356 1388 2362 ——
1409 2338 1486 2370 Iun.

814 2383 890 2424 infi,
918 2383 978 2414 der
1002 2381 1218 2424 Proserpina,
1258 2382 1323 2422 vgl.
1358 2384 1398 2415 A.
1427 2381 1482 2420 lV,

815 2429 890 2461 638.
919 2445 963 2452 -—
1003 2428 1132 2466 omnis,
1157 2425 1272 2466 voliig.
1300 2445 1342 2451 -—
1383 2436 1488 2469 quam

815 2474 878 2514 qui
901 2472 971 2504 dee.
1022 2470 1351 2504 Bemerkenswerthe
1376 2471 1486 2503 Kfirze.

815 2518 873 2549 des
899 2516 1092 2548 Ausdrucks
1120 2515 1191 2546 fiir:
1232 2526 1337 2557 quam
1361 2518 1400 2557 is,
1426 2517 1489 2558 qui

814 2561 854 2593 id
877 2563 976 2603 cupit
1007 2563 1092 2602 (was
1126 2569 1185 2592 aus
1221 2560 1327 2593 dalm-
1350 2572 1392 2593 zu
1417 2565 1487 2593 ent-

1508 332 1571 380 12‘0

1508 907 1571 939 130

1510 1183 1571 1216 135

1509 1460 1571 1492 140
