1682 2979
90 324 146 357 145
169 316 268 354 Tum
298 314 428 354 variae
457 325 599 354 venere
631 320 750 355 artes.

89 1170 146 1202 160

167 206 221 244 54
679 213 715 245 P.
743 213 908 247 VIRGILI
933 213 1128 248 MARONIS

807 315 939 355 Labor
969 316 1099 356 omnia
1130 317 1223 356 vicit

166 370 362 423 Inprobus
394 376 433 410 et
463 370 571 410 duris
604 383 774 421 urguens
805 372 845 411 in
876 372 994 412 rebus
1026 378 1193 423 egestas.

165 427 296 466 Prima
329 427 447 467 Ceres
478 428 582 466 ferro
613 428 792 467 mortalis
822 434 972 468 vertere
1003 435 1146 468 terram

165 483 349 530 Instituit,
381 495 468 522 cum
500 482 577 522 iam
608 483 769 534 glandes
801 490 917 535 atque
948 484 1084 524 arbuta
1115 497 1249 524 sacrae

165 540 387 579 Delicelent
416 539 537 578 silvae
569 545 607 578 et
636 539 779 579 victum
811 541 973 580 Dodona
1004 547 1176 591 negaret.

88 602 146 634 150
166 587 255 634 Mox
283 601 322 634 et
351 595 559 634 frumentis
590 595 703 634 labor
733 596 901 642 additus,
933 603 975 635 ut
1003 597 1104 636 mala
1135 597 1287 636 culmos

165 651 281 690 Esset
311 649 449 700 robigo
481 650 691 701 segnisque
721 651 903 691 horreret
933 652 971 690 in
1004 652 1106 691 arvis

167 707 368 753 Carduus3
401 705 597 745 intereunt
627 712 796 757 segetes,
817 707 935 746 >subit
965 719 1104 757 aspera
1135 707 1243 755 silva,

165 763 403 814 Lappaeque
437 761 661 813 tribolique,
694 762 874 814 interque
905 762 1072 802 nitentia
1103 763 1206 802 culta

167 819 308 858 Infelix
337 818 472 857 lolium
505 824 543 857 et
573 818 729 858 steriles
761 819 1015 858 dominantur
1045 831 1204 858 avenae.

88 879 145 911 155
170 875 284 923 Quod
314 874 391 913 nisi
424 881 462 913 et
492 874 668 913 adsiduis
698 874 861 914 herbam
894 875 1141 914 insectabere
1171 875 1324 920 rastris,

166 932 216 971 Et
246 931 378 970 sonitu
408 930 576 969 terrebis
608 943 711 977 aves,
743 937 781 969 et
810 931 912 970 ruris
944 931 1058 981 opaci

164 987 281 1027 Falce
310 998 467 1038 premes
497 986 688 1033 umbram,
719 987 900 1038 votisque
929 986 1130 1027 vocaveris
1162 986 1340 1033 imbrem,

165 1044 262 1090 Heu,
293 1055 473 1093 magnum
506 1043 668 1082 alterius
699 1043 841 1082 frustra
874 1042 1071 1094 spectabis
1104 1055 1297 1088 acervum,

112 1142 113 1145 Ἴ
167 1100 448 1150 Concussaque
479 1098 620 1137 samem
651 1099 691 1137 in
722 1099 831 1138 silvis
862 1099 1044 1138 solabere
1075 1111 1234 1150 quercu.

221 1166 438 1206 Dicendum
469 1171 518 1213 ct,
550 1178 649 1216 quae
680 1166 759 1204 sint
789 1166 898 1205 duris
929 1165 1150 1215 agrestibus
1179 1160 1298 1211 arma,

169 1223 266 1270 Quis
299 1222 384 1261 sine
414 1234 488 1261 nec
519 1228 681 1272 potuere
713 1222 791 1261 seri
822 1235 896 1262 nec
928 1234 1088 1272 surgere
1119 1233 1293 1260 messes:

166 1279 300 1317 Vomis
332 1284 370 1317 et
399 1278 532 1317 inflexi
563 1279 732 1329 primum
765 1290 881 1329 grave
911 1278 1033 1317 robur
1063 1278 1195 1322 aratri,

166 1334 373 1386 Tardaque
403 1334 627 1388 Eleusinaen
644 1334 780 1373 matris
810 1334 1005 1373 volventia
1035 1334 1221 1385 plaustra,

167 1391 418 1442 Tribulaquc,
450 1391 701 1441 traheaeque,
734 1397 772 1429 et
801 1391 938 1442 iniquo
971 1390 1147 1442 pondere
1178 1389 1316 1437 rastri3

88 1450 145 1483 165
164 1447 303 1498 Virgea
333 1453 537 1498 praeterea
569 1447 676 1486 Celei
708 1447 876 1498 vilisque
908 1447 1096 1497 supellex,

163 1503 357 1542 Arbuteae
389 1510 515 1542 crates
548 1509 586 1542 et
616 1503 778 1554 mystica
808 1515 958 1542 vannus
988 1502 1133 1541 Iacchi.

165 1559 306 1598 Omnia
338 1572 437 1610 quae
467 1559 590 1598 multo
622 1565 711 1598 ante
742 1572 895 1599 memor
924 1559 1084 1610 provisa
1114 1570 1297 1609 repones,

164 1615 206 1655 Si
237 1622 276 1654 te
307 1615 423 1666 digna
454 1621 586 1654 manet
616 1615 737 1655 divini
769 1616 890 1666 gloria
920 1615 1035 1654 ruris.

164 1750 235 1781 Tum
258 1760 322 1781 var.
353 1760 417 1781 ven.
446 1755 503 1782 art.
554 1748 622 1780 Der
654 1747 836 1792 Erfindung

163 1794 273 1825 dieser
300 1792 512 1833 lVerkzeuge
541 1793 665 1833 solgten
689 1793 836 1833 mannig-

161 1838 277 1878 faltige
310 1839 446 1870 Kiinste.
485 1857 522 1862 —
558 1841 645 1871 labor
668 1842 834 1882 improbus,

164 1883 414 1924 ungewiilinlich
440 1888 712 1924 angcstreugter,
751 1888 837 1915 rast-

162 1927 253 1960 10301·
276 1928 392 1960 Fleiss.

212 1975 312 2006 147-
322 1975 375 2006 59.
427 1972 495 2004 Der
518 1971 624 2003 wald
656 1972 699 2003 ist
723 1971 833 2012 heilig,

162 2029 196 2050 11·
199 2017 242 2049 011
262 2018 363 2059 jeder
380 2018 480 2050 Baum
505 2017 596 2049 scine
614 2017 685 2060 Dr}
689 2017 749 2048 ade
769 2018 834 2048 hat.

163 2062 231 2094 Das
265 2063 366 2095 durch
403 2063 514 2094 seinen
548 2062 749 2094 Eichenhain
783 2072 838 2102 go-

164 2108 283 2140 reici-tc
316 2111 443 2141 Dodona
483 2108 570 2139 steht
601 2107 837 2150 metonymiscli

163 2158 246 2185 statt
281 2153 341 2185 der
372 2152 636 2185 Eichenwfilder.
672 2170 712 2175 —
748 2159 835 2191 esset,

165 2199 308 2230 ansi-ass.
337 2217 376 2222 -
404 2205 475 2231 sler.
512 2211 558 2231 av.
587 2208 613 2229 s.
641 2197 680 2229 E.
710 2199 739 2233 5,
781 2198 835 2230 37.

164 2262 206 2267 —
234 2246 315 2286 quod
340 2246 410 2284 nisi,
438 2253 465 2274 s.
494 2242 532 2274 E.
561 2244 592 2279 9,
626 2244 676 2275 14.

213 2289 376 2321 160—68.
405 2300 493 2329 gyrare
518 2291 583 2321 rob.
612 2300 655 2321 ar.
691 2286 760 2319 Zur
776 2286 837 2318 Be·

165 2333 341 2374 arbeitung
377 2333 434 2365 des
468 2333 570 2365 setten
606 2332 735 2364 Bodens
768 2341 838 2363 wa-

165 2388 224 2410 ren
257 2378 407 2410 schwere
435 2378 683 2418 Ackergeriithe
717 2377 749 2408 in
773 2376 838 2409 Ita-

100 2432 104 2438 *
164 2422 229 2455 lien
256 2423 487 2455 ersorderlich.
515 2442 557 2446 -—
591 2426 738 2466 tardaque
760 2425 837 2455 volu.

164 2471 221 2510 pI.
252 2469 304 2500 die
328 2468 475 2509 langsam
496 2468 564 2499 sich
584 2467 839 2500 herumdreben-

167 2512 228 2544 den
253 2512 405 2553 NVagen,
444 2513 509 2553 vgl.
540 2512 578 2545 G.
607 2512 646 2550 ΙΙ,
675 2514 751 2546 377.
780 2511 834 2550 ΙΙΙ,

167 2557 302 2593 28.1V
337 2560 385 2591 19.
413 2560 452 2590 Α.
468 2535 521 2595 δν,
551 2560 627 2591 764.
655 2576 698 2581 -
737 2557 839 2590 Ceres

165 2602 282 2634 wurde
307 2602 488 2635 hesonders
513 2614 553 2635 zu
578 2603 709 2636 Eleusis
734 2602 765 2634 in
781 2603 840 2635 At-

904 1748 974 1780 tika
1006 1747 1151 1780 verehrt.
1178 1765 1222 1772 —
1260 1749 1403 1780 tribulum
1427 1755 1501 1778 war
1525 1745 1579 1777 eiu

902 1792 1049 1833 Wagen,
1079 1793 1195 1824 desseu
1222 1792 1369 1832 niedrige
1390 1790 1503 1823 Riider
1527 1792 1580 1823 ssi-

905 1838 1057 1878 genartig
1079 1838 1138 1868 mit
1152 1837 1252 1869 Eisen
1277 1837 1417 1877 gezackt
1439 1847 1573 1873 waren3

905 1886 1019 1923 trahea,
1048 1882 1100 1915 ‹lie
1127 1882 1279 1918 Selileil'e,
1310 1883 1383 1914 eine
1408 1882 1466 1913 mit
1485 1882 1576 1914 Stein

906 1927 987 1959 oder
1018 1927 1120 1958 Eisen
1159 1927 1317 1966 gezackie
1353 1925 1453 1958 Rome
1494 1926 1578 1957 ohne

905 1972 1027 2004 Riider.
1079 1971 1180 2003 Beide
1213 1972 1352 2003 wurdeu
1385 1982 1448 2003 von
1482 1970 1580 2002 Last-

906 2017 1034 2049 111101οη
1068 2017 1149 2048 iiber
1182 2016 1234 2048 ‹lie
1259 2018 1391 2048 Aehren
1416 2026 1574 2056 gezogen,

907 2073 959 2094 um
993 2063 1051 2093 dus
1083 2062 1175 2094 reine
1200 2061 1290 2093 Korn
1326 2072 1366 2093 zu
1391 2061 1575 2101 gewinnen.

907 2125 947 2130 —
989 2109 1076 2140 Celei.
1114 2107 1216 2139 Ceres
1248 2107 1338 2139 hatte
1375 2107 1436 2138 11011
1464 2108 1577 2146 camos,

908 2153 968 2184 den
988 2152 1092 2184 Vater
1117 2152 1174 2183 dos
1200 2151 1430 2194 Triptolemus.
1461 2150 1493 2181 in
1519 2149 1582 2181 der

906 2197 1030 2233 Kunst,
1059 2197 1295 2229 verschiedeue
1320 2194 1580 2229 Wirthsclnafts-

907 2244 1043 2283 gerfitlie
1069 2252 1128 2274 aus
1139 2242 1268 2274 Ruthen
1293 2253 1332 2273 zu
1351 2241 1498 2277 flechten,
1523 2250 1580 2271 un-

907 2288 1090 2319 terrim-lutet.
1118 2307 1161 2311 —
1185 2290 1311 2329 mystica
1334 2299 1361 2319 1⁸.
1379 2288 1401 2319 1.
1438 2285 1499 2316 Die
1518 2293 1579 2316 aus

906 2332 1033 2364 Ruthen
1059 2333 1260 2372 getlochtene
1279 2329 1574 2369 Futterschwinge‚

905 2390 1032 2417 rannus,
1063 2387 1114 2409 um
1140 2377 1198 2408 das
1217 2376 1305 2408 Korn
1323 2385 1386 2407 von
1401 2375 1460 2407 der
1473 2374 1580 2416 Spreu

906 2433 946 2453 zu
972 2422 1124 2458 sondern,
1153 2421 1248 2453 ward
1267 2431 1317 2453 ain
1338 2419 1578 2452 eleusiniscben

907 2467 1004 2499 Feste
1038 2467 1089 2498 bei
1116 2467 1187 2498 dem
1213 2465 1403 2498 feierliclien
1429 2465 1580 2504 Auszuge

908 2512 965 2544 des
991 2512 1137 2543 Bacchus
1163 2510 1321 2552 (Iacchus)
1346 2521 1373 2542 s.
1404 2509 1442 2542 E.
1471 2511 1500 2547 ὃ,
1526 2511 1580 2545 15)

908 2556 956 2589 als
999 2556 1146 2589 Sinnbild
1188 2556 1248 2588 der
1278 2556 1480 2596 Rcinigung‚
1521 2553 1581 2586 mit

908 2601 1226 2642 Erstlingsfriicbten
1250 2606 1545 2642 vorausgetragen.
