1682 2979
601 146 824 180 AENEIDOS
845 148 928 180 [AB.
950 146 1023 181 Vn.
1084 142 1088 144 ’

109 262 283 315 Corpora
305 260 425 299 multa
445 260 573 298 virum
595 259 699 299 circa
714 289 724 307 ,
748 258 961 309 seniorque
985 257 1189 306 Galaesus,

107 318 204 357 Dum
228 316 314 370 paci
337 315 504 356 medium
526 328 568 354 se
592 315 730 363 offert,
756 313 993 354 iustissimus
1016 327 1117 355 unus

99 372 182 423 ‘Qui
206 372 276 411 fuit
296 370 559 423 Ausoniisque
582 370 676 410 olim
697 368 913 413 ditissimus
935 369 1068 409 arvis:

110 428 287 480 Quinque
308 440 450 482 greges
471 426 528 466 illi
549 425 747 470 balantum
761 455 771 473 ‚
797 424 913 479 quina
934 423 1114 464 redibant

107 485 297 523 Armenta
311 514 321 532 ,
347 490 385 523 et
406 490 551 526 terram
573 488 728 522 centum
750 481 931 520 vertebat
953 479 1109 520 aratris.
1131 520 1138 524 ,
1165 520 1172 526 ,
1299 520 1306 529 ,

219 539 347 591 Atque
370 551 416 578 ea
438 551 507 591 per
529 551 684 592 campos
707 549 830 600 aequo
853 537 940 576 dum
962 536 1090 576 Marte
1111 543 1316 588 geruntur,

107 594 298 635 Promissi
320 595 392 634 dea
413 596 513 635 facta
537 601 671 647 potens
687 624 696 642 ,
721 593 786 633 ubi
809 591 1001 646 sanguine
1022 591 1179 641 bellum,

108 651 249 690 lmbuit
270 658 309 690 et
330 651 478 703 primae
499 650 692 690 commisit
715 650 852 690 funera
877 662 1044 703 pugnae,

108 706 267 746 Deserit
288 706 519 758 Hesperiam
534 736 544 753 ‚
571 712 609 745 et
630 704 727 746 caeli
749 718 944 745 conversa
965 717 1035 758 per
1056 717 1172 744 auras

110 762 298 802 lunonem
319 762 469 806 victrix
491 761 644 801 adfatur
664 774 763 801 voce
784 760 952 815 superba
970 777 979 799 ε

107 818 166 857 En
180 848 190 867 ‚
216 820 388 871 perfecta
410 817 481 856 tibi
502 817 605 857 bello
627 816 821 857 discordia
845 816 972 864 tristi3

108 874 202 921 Dic,
226 874 266 913 in
289 873 498 914 amicitiam
521 880 663 913 coeant
684 879 723 911 et
745 872 902 911 foedera
926 871 1108 922 iungant,

111 929 429 982 Quandoquidem
451 928 630 968 Ausonio
652 927 826 980 respersi
849 927 1040 979 sanguine
1063 925 1255 965 Teucros.

109 985 190 1024 Hoc
212 985 328 1024 etiam
352 984 411 1023 his
433 984 568 1024 addam
585 1013 595 1032 ‚
621 989 688 1022 tua
710 982 743 1021 si
766 982 860 1021 mihi
883 988 992 1021 certa
1014 980 1222 1021 voluntas:

109 1040 313 1080 Finitimas
335 1041 375 1079 in
397 1039 500 1079 bella
524 1040 645 1079 feram
666 1037 890 1078 rumoribus
912 1037 1047 1085 urbes,

108 1096 404 1148 Accendamque
427 1095 578 1135 animos
600 1094 730 1134 insani
751 1094 890 1134 Martis
913 1105 1062 1139 amore,

109 1152 287 1205 Undique
309 1159 353 1191 ut
372 1152 522 1191 auxilio
545 1150 732 1199 veniant3
756 1164 936 1203 spargam
959 1162 1067 1191 arma
1090 1161 1159 1201 per
1179 1161 1310 1201 agros.
1334 1170 1348 1189 l

109 1209 207 1247 Tum
229 1214 368 1248 contra
389 1207 510 1247 Iuno:
535 1207 748 1247 Terrorum
772 1212 810 1246 et
832 1205 978 1246 fraudis
1000 1204 1152 1244 abunde
1175 1211 1259 1244 est:

110 1264 223 1303 Stant
245 1264 337 1303 belli
359 1276 549 1312 caussae3
574 1269 768 1317 pugnatur
790 1261 1009 1302 comminus
1031 1260 1174 1308 armis3

111 1319 218 1370 Quae
240 1320 322 1359 fors
345 1319 468 1372 prima
489 1319 618 1367 dedit,
643 1318 807 1371 sanguis
829 1331 956 1358 novus
976 1316 1116 1357 imbuit
1137 1329 1261 1356 arma.

108 1376 221 1415 Talia
243 1375 425 1427 coniugia
448 1382 486 1415 et
508 1374 596 1414 talis
619 1374 821 1414 celebrent
842 1374 1086 1427 hymenaeos

1462 145 1514 188 25

1531 263 1597 294 535

1534 543 1600 573 540
1631 557 1639 563 ν

1533 821 1598 852 545

1518 1100 1584 1130 550

1519 1379 1584 1410 555

108 1431 321 1486 Egregium
342 1430 512 1471 Veneris
534 1443 659 1485 genus
682 1437 722 1469 et
742 1443 816 1470 rex
839 1430 922 1483 ipse
944 1429 1125 1469 Latinus.

108 1488 164 1527 Te
187 1501 305 1540 super
326 1487 523 1528 aetherias
547 1499 682 1529 errare
704 1486 887 1526 licentius
909 1498 1027 1526 auras

109 1543 219 1583 Haud
241 1544 358 1584 Pater
378 1543 445 1582 ille
467 1543 586 1590 velit,
612 1543 753 1582 summi
774 1549 963 1595 regnator
985 1539 1153 1594 Olympi.

110 1599 215 1640 Cede
236 1599 350 1640 locis.
384 1599 468 1650 Ego
483 1629 493 1646 ,
519 1598 552 1638 si
574 1612 649 1650 qua
671 1611 788 1650 super
809 1600 966 1637 fortuna
989 1596 1162 1636 laborum
1187 1601 1263 1644 est,

111 1656 198 1709 Ipsa
218 1669 368 1709 regam.
406 1655 513 1694 Talis
536 1654 698 1694 dederat
719 1653 900 1693 Saturnia
922 1666 1066 1701 voces;

110 1712 179 1752 llla
200 1718 331 1752 autem
354 1710 497 1751 attollit
517 1710 720 1749 stridentis
742 1709 934 1762 anguibus
957 1709 1055 1757 alas,

111 1768 330 1823 Cocytique
352 1767 449 1821 petit
471 1766 603 1806 sedem
618 1796 628 1816 ‚
653 1778 796 1819 supera
817 1766 938 1805 ardua
960 1765 1156 1817 linquens.

113 1880 151 1901 os
187 1870 334 1900 humore
367 1869 544 1909 loquentis
577 1867 625 1898 Et
648 1867 782 1908 fauces

112 1916 373 1955 arent‚viaeque
385 1917 438 1944 est
455 1915 513 1944 via
524 1914 619 1943 vocis
639 1914 674 1943 ίη
694 1912 780 1942 ι’[ἰιέ.

112 1978 151 1983 -
186 1959 366 1999 medium,
403 1959 454 1990 als
487 1956 703 1988 Vei-mittier.
739 1973 781 1978 —-

111 2007 199 2036 iust.
226 2014 340 2044 unus,
377 2014 406 2035 s.
436 2014 466 2035 z.
496 2002 538 2034 A.
569 2002 608 2042 ΙΙ,
639 2002 717 2033 426.
738 2018 783 2023 --

112 2050 178 2081 dit.
198 2052 308 2090 arvis,
335 2048 404 2089 vgl.
426 2048 467 2080 A.
491 2047 518 2088 Ι,
539 2048 617 2079 343.
639 2047 681 2086 X,
702 2046 780 2078 563.

111 2094 182 2127 Vor
222 2095 284 2125 der
322 2093 512 2132 Erfindung
554 2093 612 2124 des
654 2091 782 2123 Geldes

111 2140 230 2171 wurde
257 2139 318 2170 der
345 2137 555 2170 Wohlstand
590 2137 674 2168 nach
706 2137 780 2168 d'em

114 2184 371 2219 Viehbestande
406 2183 474 2214 und
509 2183 585 2214 dem
608 2182 783 2214 Ackerbe-

52 2232 55 2233 ⁷
114 2230 200 2262 sitze
219 2238 397 2269 gemessen
405 2253 412 2261 .

158 2285 193 2306 v.
221 2274 392 2306 540-60.
427 2282 538 2314 aequo
565 2271 694 2303 Marle.
729 2270 781 2302 Da

114 2319 274 2357 mitssdem
301 2319 451 2359 Beginne
482 2316 544 2349 der
570 2316 782 2356 Feindselig-

117 2364 232 2395 keiteu
251 2365 305 2400 die
324 2363 479 2406 Aufgahe
499 2363 562 2394 der
573 2362 707 2393 Allecto
727 2371 784 2401 ge-

116 2409 198 2439 ltis't
223 2418 314 2449 war,
350 2419 387 2441 so
414 2408 560 2440 veri'aeiss!
591 2407 642 2438 sie
669 2406 780 2447 gleich

116 2453 206 2485 heim
218 2453 365 2494 Reginae
385 2454 444 2485 des
456 2451 619 2496 Hampfes
631 2451 781 2483 Latium.

116 2516 161 2521 —
180 2508 277 2530 conv.
303 2509 340 2540 p.
368 2509 447 2530 aur.
477 2499 538 2539 „d.
568 2497 590 2529 i.
618 2497 668 2528 sie
694 2507 785 2528 wen-

119 2545 196 2575 dete
216 2544 288 2575 sicb
308 2543 374 2574 und
391 2544 525 2584 redete,
549 2543 714 2574 nachdem
733 2543 784 2573 sie

853 1867 924 1899 sich
947 1866 1050 1898 durch
1072 1866 1126 1897 die
1140 1864 1243 1896 Liifte
1255 1864 1518 1905 geschwungen,

852 1913 906 1943 die
924 1911 1011 1943 Juno
1032 1921 1087 1942 an.
1114 1911 1183 1941 Aus
1203 1910 1276 1940 dem
1292 1908 1441 1940 Verbum
1460 1910 1523 1941 der

852 1957 1045 1997 Bewegung
1074 1956 1273 1996 (conversa)
1301 1955 1347 1985 ist
1373 1954 1446 1985 also
1466 1955 1521 1985 ein

852 1998 1250 2044 eutsprechendesPart.
1272 2009 1314 2030 zu
1331 2009 1396 2040 per
1411 2009 1522 2031 auras

852 2058 893 2078 zu
929 2047 1121 2087 ergiiuzen,
1156 2045 1228 2085 vgl.
1265 2043 1304 2075 G.
1341 2043 1397 2084 IV,
1434 2044 1520 2076 S2.“

854 2091 1020 2132 Wagner.
1033 2109 1075 2114 —
1091 2090 1154 2121 Die
1166 2089 1288 2124 Worte
1309 2089 1377 2127 dic,
1398 2091 1432 2120 in
1449 2099 1520 2121 am.

853 2148 882 2169 c.
919 2137 1096 2168 enthalten
1130 2135 1254 2166 keinen
1288 2133 1409 2176 Spott,
1447 2145 1524 2166 son-

853 2183 934 2214 deru
963 2182 1017 2213 die
1047 2181 1078 2212 in
1100 2181 1176 2212 eine
1196 2179 1303 2212 kecke
1323 2179 1424 2212 Form
1453 2180 1523 2212 ein-

852 2227 1044 2268 gekleidete
1079 2225 1181 2266 Folge
1215 2225 1275 2256 des
1315 2225 1520 2264 vorhergeb.

847 2271 1012 2314 perfecta
1032 2270 1225 2302 discordia.
1246 2287 1289 2292 —
1316 2279 1418 2311 sang.
1441 2279 1522 2303 που.

852 2318 937 2349 imb.
973 2328 1034 2356 α.,μ
1068 2316 1101 2347 d.
1131 2315 1155 2347 i.
1190 2315 1310 2346 immor
1340 2324 1406 2345 neu
1434 2315 1524 2345 strii-

852 2363 992 2394 meudes
1027 2361 1104 2393 sstut
1135 2360 1240 2392 weiht
1274 2359 1329 2391 die
1363 2357 1522 2397 Waffen3

854 2418 880 2439 s.
911 2418 942 2438 z.
975 2406 1014 2438 E.
1045 2406 1076 2445 S,
1107 2405 1160 2437 29.
1187 2423 1231 2428 —
1262 2402 1399 2438 aethei.
1426 2413 1523 2444 aur„

855 2463 881 2484 s.
909 2463 940 2483 z.
977 2453 1016 2483 A.
1053 2450 1076 2490 1,
1114 2451 1192 2481 547.
1212 2468 1257 2473 —
1284 2451 1520 2491 super—est.

854 2497 1015 2529 Dieselbe
1045 2495 1178 2528 Tmesis
1205 2494 1245 2527 E.
1275 2495 1315 2535 6,
1345 2494 1376 2526 6.
1411 2494 1453 2526 Α.
1479 2492 1522 2534 11,

856 2543 934 2574 567.
1092 2561 1096 2566 -

1521 1658 1585 1690 560
