1682 2979
472 229 730 262 GEORGICON
755 228 835 261 LlB.
864 228 921 262 IV.

1409 219 1487 258 129

68 333 331 384 Tinnitusque
363 332 423 371 cie
455 337 494 371 et
522 331 657 382 Matris
690 335 806 381 quate
837 329 1015 381 cymbala
1047 329 1215 368 circum:

65 390 181 440 Ipsae
212 388 423 428 consident
453 387 661 427 medicatis
692 386 869 432 sedibus,
900 386 1010 436 ipsae

66 444 208 484 Intima
236 457 347 483 more
379 456 451 483 suo
483 456 572 483 sese
603 443 643 481 in
676 442 868 481 cunabula
900 441 1087 481 condent.
1431 472 1450 485 .

151 500 222 539 Sin
253 507 382 539 autem
414 500 460 538 ad
492 510 663 550 pugnam
695 498 865 536 exierint
898 519 945 523 ——
980 509 1070 536 nam
1102 496 1406 549 saepeduobus
1454 535 1461 539 ⁷

63 555 237 605 Regibus
267 556 434 595 incessit
462 567 604 605 magno
636 554 836 593 discordia
869 560 999 600 motu;

67 611 344 663 Continuoque
375 611 528 650 animos
558 610 662 660 volgi
695 616 732 648 et
764 610 1001 660 trepidantia
1033 609 1138 647 bello

67 668 194 707 Corda
224 668 319 707 licet
346 668 463 717 longe
494 666 790 718 praesciscere,
826 678 994 716 namque
1026 665 1217 704 morantis

64 723 230 762 Martius
259 723 325 762 ille
357 724 460 761 aeris
490 722 600 761 rauci
634 734 755 760 canor
785 721 976 772 increpat,
1010 727 1048 759 et
1076 734 1150 759 vox

65 779 235 818 Auditur
264 780 411 818 fractos
442 779 598 817 sonitus
629 778 779 816 imitata
814 777 1015 823 tubarum,

67 835 167 874 Tum
199 835 378 886 trepidae
408 835 512 873 inter
543 847 584 873 se
617 840 772 879 coeunt,
804 833 1025 883 pennisque
1058 840 1280 879 coruscant,

65 891 534 942 Spiculaque‘exacuunt
563 889 718 931 rostris,
751 893 964 938 aptantque
995 888 1179 933 lacertos,

64 947 115 985 Et
146 946 250 985 circa
280 957 414 994 regem
445 950 562 994 atque
593 944 677 993 ipsa
711 943 758 980 ad
791 943 988 992 praetoria
1022 944 1170 981 densae

64 1002 291 1047 Miscentur,
323 999 555 1049 magnisque
585 1004 728 1037 vocant
760 998 999 1037 clamoribus
1032 999 1203 1038 hostem.

63 1057 167 1107 Ergo
201 1056 266 1094 ubi
295 1068 364 1094 ver
394 1061 534 1094 nactae
565 1055 705 1093 sudum
739 1065 981 1105 camposque
1012 1054 1200 1105 patentis,

63 1112 287 1163 Erumpunt
316 1111 463 1162 portis:
497 1112 769 1156 concurritur,
801 1111 960 1149 aethere
992 1111 1031 1149 in
1064 1111 1141 1148 alto

62 1169 127 1208 Fit
157 1168 335 1214 sonitus,
367 1178 550 1217 magnum
581 1167 725 1205 mixtae
757 1166 1025 1216 glomerantur
1054 1166 1095 1204 in
1127 1166 1278 1213 orbem,

64 1223 391 1275 Praecipitesque
424 1224 589 1269 cadunt3
622 1235 700 1261 non
734 1222 898 1260 densior
928 1235 1018 1260 aere
1050 1223 1212 1272 grando,

64 1281 147 1320 Nee
178 1281 226 1319 de
257 1292 450 1318 concussa
482 1285 632 1317 tanturn
663 1278 765 1329 pluit
795 1278 887 1316 ilice
918 1278 1085 1328 glandis.

63 1336 147 1388 Ipsi
178 1348 250 1387 per
279 1335 431 1374 medias
463 1335 570 1373 acies
601 1334 826 1384 insignibus
858 1334 931 1372 alis

63 1392 242 1442 Ingentis
273 1391 426 1441 animos
460 1397 626 1441 angusto
658 1391 697 1429 in
730 1397 892 1441 pectore
922 1394 1093 1436 versant,

63 1449 198 1499 Usque
230 1448 328 1486 adeo
361 1447 493 1486 obnixi
524 1459 603 1485 non
637 1447 792 1493 cedere,
824 1446 916 1484 dnm
949 1445 1077 1496 gravis
1109 1450 1176 1483 aut
1205 1445 1279 1484 hos

63 1505 141 1543 Aut
169 1504 243 1542 hos
274 1516 386 1542 versa
419 1504 508 1553 fuga
539 1503 668 1541 victor
698 1503 791 1541 dare
824 1508 930 1552 terga
964 1502 1133 1551 subegit.

36 1594 45 1597 e
64 1560 114 1600 Hi
145 1565 275 1598 motus
308 1559 529 1598 animorum
561 1565 677 1610 atque
707 1559 806 1597 haec
837 1557 1053 1596 certamina
1083 1564 1190 1596 tanta

63 1615 241 1654 Pulveris
273 1615 402 1662 exigui
434 1615 539 1654 iactu
571 1627 800 1664 compressa
832 1614 1057 1664 quiescunt.

151 1671 293 1708 Verum
324 1669 392 1707 ubi
424 1670 609 1707 ductores
642 1669 725 1707 acie
757 1668 1005 1707 revocaveris
1037 1668 1166 1714 ambo,

65 1725 248 1766 Deterior
279 1725 345 1775 qui
375 1724 498 1769 visus,
531 1736 632 1769 eum,
665 1736 713 1762 ne
745 1723 935 1774 prodigus
968 1723 1086 1767 obsit,

66 1782 174 1820 Dede
205 1780 322 1826 Neci;
354 1780 496 1819 melior
524 1792 644 1818 vacua
678 1780 762 1818 sine
795 1785 932 1829 regnet
960 1779 999 1817 in
1033 1778 1132 1817 aula.

65 1838 174 1876 Alter
205 1837 281 1876 erit
309 1837 474 1875 maculis
506 1848 599 1874 auro
632 1835 905 1886 squalentibus
937 1835 1104 1881 ardens3

68 1946 284 1979 schriebenen
322 1945 484 1982 Krfiuter,
540 1946 641 1976 deren
681 1944 745 1976 Ge-

67 1991 221 2024 schmack
246 1991 308 2022 den
323 1991 446 2022 Bienen
473 1989 598 2030 gerant.
621 2009 661 2013 —
680 1992 744 2022 Ma-

66 2040 141 2077 tris,
177 2036 237 2067 der
262 2035 405 2078 Cybele,
437 2035 538 2066 deren
563 2035 660 2066 Feste
686 2034 745 2066 mit

65 2080 292 2114 rauschender
306 2080 416 2112 Musik
433 2080 577 2120 gefeiert
589 2079 739 2111 wurdeu.

113 2126 257 2159 67—87.
295 2129 343 2158 sin
368 2129 508 2158 exierint.
552 2124 621 2157 Der
645 2124 744 2164 alige-

66 2171 231 2203 brochene
258 2169 337 2202 Satz
368 2170 455 2201 wird
487 2180 519 2201 v.
549 2172 589 2202 77
615 2169 744 2201 wieder

67 2216 327 2256 aufgenommen.
358 2215 440 2246 aber
462 2225 526 2245 von
551 2224 666 2246 neuen]
687 2224 744 2245 uu-

66 2260 276 2297 terbrochen‚
306 2265 377 2291 erst
399 2270 429 2292 v.
453 2260 495 2292 86
521 2259 544 2290 f.
571 2259 740 2299 heendigt.

69 2305 112 2338 So
138 2305 229 2345 giebt
253 2304 459 2336 (lerDichter
484 2304 586 2335 durch
601 2304 663 2336 (len
674 2304 744 2335 Bau

69 2350 130 2381 der
150 2349 368 2382 Periode‘ein
384 2349 457 2381 Bild
480 2359 544 2380 von
571 2349 632 2381 den
657 2350 744 2380 stiir-

66 2395 213 2426 mischen
237 2394 497 2437 Empfindungen
523 2394 583 2425 der
606 2393 740 2428 Bienen.

67 2457 108 2463 —
136 2437 264 2472 Martius
289 2452 390 2473 aanor.
417 2438 527 2472 Varro
547 2439 586 2470 de
603 2448 641 2470 re
656 2443 741 2470 rust.

68 2483 124 2521 111,
150 2485 211 2516 16:
239 2486 336 2517 Duces
361 2487 522 2526 conficiunt
542 2486 689 2527 quaedam
705 2486 746 2516 ad

68 2541 170 2563 vocem
203 2534 236 2561 ut
267 2531 436 2563 imitatione
469 2532 580 2569 tubae;
620 2535 681 2561 tum
712 2530 746 2560 id

69 2577 204 2616 faciunt,
244 2585 336 2615 quum
365 2577 445 2607 inter
476 2586 508 2607 se
540 2577 629 2615 siqua
659 2575 746 2616 pacis

14 2638 21 2644 ·
70 2631 105 2653 ac
137 2620 209 2652 belli
234 2621 374 2651 habeant.
401 2636 441 2642 --
475 2625 579 2661 aptant
603 2620 743 2658 lacertos,

133 2672 231 2706 Virgil.
252 2671 274 2698 1.

813 1944 878 1976 wic
904 1944 1071 1987 Kampser,
1104 1943 1170 1984 vgl.
1198 1945 1237 1975 A.
1266 1943 1306 1979 V,
1337 1944 1413 1976 376.
1442 1942 1486 1981 X,

815 1991 890 2022 588.
921 2008 961 2013 —
988 2001 1108 2032 campos
1131 1996 1277 2031 patentes,
1307 1990 1367 2019 der
1385 1987 1490 2020 offene

814 2034 963 2066 Hinunel.
994 2053 1033 2058 -
1059 2037 1129 2076 ipsi,
1161 2034 1214 2064 die
1240 2046 1333 2074 reyes.
1360 2033 1419 2064 Bei
1440 2045 1493 2075 per

813 2083 929 2112 madias
965 2083 1046 2112 acies
1071 2079 1115 2110 ist
1138 2088 1211 2110 was
1236 2089 1276 2109 zu
1301 2079 1493 2118 erganzen?

812 2123 886 2164 Vgl.
916 2125 954 2156 A.
984 2123 1062 2159 Vll,
1101 2125 1177 2156 543.
1216 2143 1254 2146 —
1284 2130 1334 2155 aut
1360 2126 1414 2155 hos
1440 2128 1491 2155 aut

813 2172 878 2202 hos.
904 2168 973 2200 Das
994 2168 1098 2200 Maso.
1127 2167 1390 2207 h1·auchtvirg.,
1412 2166 1493 2198 weil

814 2223 851 2246 er
890 2213 963 2246 hier
1002 2213 1034 2244 in
1079 2214 1142 2244 den
1176 2213 1300 2244 Bienen
1334 2212 1493 2253 Kalnpfer

813 2258 917 2295 sicht3
961 2257 1081 2290 ebeuso
1124 2263 1225 2289 unten
1259 2268 1290 2288 v.
1335 2258 1409 2289 107.
1450 2273 1493 2278 —

813 2315 984 2346 coum-ressa
1018 2306 1186 2345 (putescunt.
1241 2302 1374 2333 Andere
1409 2304 1494 2343 quie-

814 2354 905 2381 scent.
933 2347 1115 2387 Uebrigens
1131 2347 1197 2387 vgl.
1219 2346 1303 2377 Plin.
1326 2345 1402 2376 hist.
1421 2349 1488 2376 nat.

812 2392 880 2429 Xl,
928 2394 986 2425 18:
1028 2404 1079 2424 eas
1113 2395 1194 2424 acies
1226 2394 1395 2424 contrarias
1432 2393 1491 2423 duo

815 2441 1011 2480 imperatores
1036 2440 1191 2469 instruunt
1299 2447 1375 2477 quae
1401 2437 1493 2467 dimi-

817 2489 895 2516 catzo
929 2485 1042 2514 iniectu
1072 2483 1207 2523 pulveris
1241 2486 1292 2513 aut
1321 2484 1404 2521 sumo
1429 2485 1494 2512 tota

817 2530 989 2560 discutitur.
1408 2543 1418 2547 2

861 2571 1027 2604 88-102.
1071 2572 1204 2603 deterior
1227 2579 1258 2600 u.
1286 2571 1405 2608 melior,
1433 2568 1494 2600 der

818 2615 948 2648 Gestalt
971 2615 1064 2647 nach.
1092 2632 1136 2638 —-
1168 2626 1243 2648 auro
1268 2615 1490 2657 squalentibus,

1254 2671 1295 2704 10

1501 392 1541 424 65

1502 674 1542 706 70

1502 1229 1541 1261 80

1502 1504 1594 1537 851
