1682 2979
596 147 818 181 AENElDOS
838 149 919 180 LlB.
940 148 986 181 X.

1404 150 1478 188 151

78 261 127 300 Se
149 263 290 310 femur,
316 267 369 309 et,
395 273 627 312 quamquam
649 260 709 299 vis
731 259 808 299 alto
831 259 993 299 volnere
1016 260 1158 309 tardat,

77 317 186 357 Haud
208 317 381 357 deiectus
404 329 542 368 equum
566 315 650 356 duci
673 315 793 355 iubet.
837 315 918 354 Hoc
942 315 1059 365 deeus
1080 316 1152 365 illi,

76 372 158 412 Hoc
179 373 352 413 solamen
377 379 483 421 erat3
519 372 629 412 bellis
655 372 724 411 hoo
745 372 873 411 victor
894 371 1025 410 abibat

77 427 278 469 Omnibus.
321 427 555 480 Adloquitur
576 435 832 475 maerentem,
857 433 896 466 et
917 427 1056 467 talibus
1078 427 1184 467 infit:

73 485 246 535 Rhaebe,
271 485 349 531 diu,
375 497 440 523 res
463 485 495 524 si
519 498 593 537 qua
615 484 678 523 diu
700 482 928 523 mortalibus
950 483 1028 523 ulla
1052 490 1126 532 est,

72 540 268 581 Viximus.
310 540 387 580 Aut
410 540 525 580 hodie
546 540 672 580 vietor
693 539 816 593 spolia
836 539 901 579 illa
924 546 1086 579 eruenta

71 596 123 635 Et
144 603 257 650 caput
276 595 435 636 Aeneae
457 598 622 645 referes,
648 596 844 648 Lausique
867 596 1043 635 dolorum

72 651 184 692 Ultor
205 653 283 693 eris
306 665 473 701 meeum,
499 659 578 701 aut,
604 652 730 706 aperit
751 652 783 693 si
806 652 912 692 nulla
933 653 1036 692 viam
1059 651 1136 701 vis,

1 756 6 759 ἱ
72 706 285 748 Oceumbes
309 709 481 762 pariter3
515 723 641 761 neque
663 709 781 757 enim,
809 709 1034 757 fortissime,
1067 709 1201 755 eredo,

19 799 23 803 ,
70 763 180 804 Iussa
202 765 328 805 aliena
351 766 427 818 pati
452 771 489 804 et
511 765 688 805 dominos
711 764 922 817 dignabere
944 765 1150 808 Teucros.,

69 820 192 869 Dixit,
227 829 265 860 et
286 829 476 875 exceptus
499 828 610 874 tergo
633 828 820 861 consueta
843 820 987 861 locavit

67 876 256 925 Membra,
283 890 496 929 manusque
519 878 652 917 ambas
673 877 808 917 iaculis
832 877 1009 916 onera‘vit
1033 876 1175 926 acutis,

66 931 170 972 Aere
193 940 307 986 eaput.
327 934 492 985 fulgens,
521 933 718 985 cristaque
742 933 913 973 hirsutus
935 934 1088 986 equina.

52 987 139 1028 ‘Sic-
153 1002 308 1028 cursum
330 988 370 1028 in
393 988 540 1029 medios
562 990 719 1042 rapidus
742 989 859 1029 dedit.
903 988 1068 1029 Aestuat
1089 991 1229 1043 ingens

65 1044 149 1085 Uno
170 1044 210 1083 in
233 1044 349 1083 eorde
371 1045 495 1098 pudor
516 1045 718 1098 mixtoque
740 1045 893 1084 insania
917 1046 1035 1094 luctu,

66 1101 130 1152 [Et
151 1099 264 1140 furiis
286 1102 454 1152 agitatus
475 1115 586 1141 amor
607 1108 645 1141 et
666 1102 822 1142 conscia
841 1102 1001 1153 virtus.]

62 1156 193 1209 Atque
216 1156 276 1196 hic
297 1156 459 1197 Aenean
480 1171 620 1211 magna
643 1165 703 1197 ter
726 1172 820 1198 voce
842 1159 1011 1198 vocavit..

62 1210 219 1253 Aeneas
241 1213 428 1266 adgnovit
449 1215 568 1261 enim,
593 1214 796 1266 laetusque
819 1222 1025 1267 precatur:

63 1267 126 1309 Sic
148 1275 259 1322 pater
278 1269 479 1309 ille-deum
504 1270 632 1318 faeiat,
658 1271 715 1310 sie
736 1271 836 1310 altus
858 1269 1022 1324 Apollo!

61 1325 229 1378 Incipias
252 1326 431 1366 conferre
454 1340 623 1365 manum.
654 1351 656 1355 ι

61 1381 231 1421 Tantum
254 1381 406 1431 effatus,
431 1389 471 1422 et
491 1382 632 1423 infesta
655 1382 759 1423 subit
779 1383 916 1423 obvius
940 1383 1064 1422 hasta.

60 1437 127 1476 llle
149 1444 304 1477 autem:
341 1438 435 1488 Quid
461 1452 521 1478 me
543 1446 694 1492 erepto,
719 1439 963 1487 saevissime,
989 1445 1080 1477 nato

59 1493 230 1534 Terres?
262 1493 356 1533 haec
378 1495 443 1534 via
463 1495 547 1534 sola
569 1495 655 1544 fuit,
681 1509 752 1547 qua
775 1495 938 1548 perdere
961 1507 1109 1548 posses.

57 1549 140 1592 Nec
161 1556 323 1589 mortem
348 1551 569 1599 horremus,
594 1565 666 1590 neo
690 1552 818 1590 divom
842 1551 1033 1604 parcimus
1057 1549 1141 1589 ulli.

58 1605 228 1655 Desine3
264 1620 353 1645 nam
376 1607 492 1647 venio
514 1607 744 1661 moriturus,
772 1614 809 1647 et
832 1608 928 1647 haec
949 1606 1015 1645 tihi
1041 1613 1150 1659 porto

58 1662 170 1701 Dona
192 1662 316 1714 prius.
360 1663 485 1711 Dixit,
511 1663 707 1715 telumque
729 1663 888 1702 intorsit
908 1663 947 1702 in
971 1662 1143 1710 llosten13

59 1717 151 1757 Inde
173 1717 277 1758 aliud
299 1731 417 1772 super
438 1726 554 1771 atque
576 1719 678 1758 aliud
701 1720 873 1772 figitque,
900 1719 1079 1772 volatque

60 1841 136 1872 758.
158 1856 203 1864 -ι-
231 1851 375 1883 quamq.
402 1843 452 1871 vis
477 1841 542 1872 alt.
570 1842 662 1873 υοΙη.
685 1845 725 1882 1.,

61 1887 154 1926 „wie
174 1887 254 1917 sehr
272 1887 324 1917 die
336 1885 439 1917 Hral't
456 1886 560 1917 durch
576 1887 630 1918 die
645 1887 726 1918 tiese

57 1930 194 1962 WVunde
213 1931 363 1971 geliihmt
381 1931 469 1969 ist‚“
491 1931 577 1962 deun
599 1932 728 1963 tardat

26 1987 29 1993 ·
56 1976 149 2008 steht
183 1976 256 2007 hier
287 1976 487 2007 intransitiv
515 1977 580 2006 und
614 1977 659 2012 ist
687 1987 723 2007 so

55 2021 126 2053 viel
144 2021 208 2053 wie
227 2021 334 2053 tarda
354 2024 418 2052 est.
437 2039 483 2042 —
500 2021 574 2052 adl.
595 2031 721 2062 maest,

55 2067 124 2107 vgl.
162 2066 259 2098 Hom.
294 2066 332 2097 ll.
370 2065 465 2104 XIX,
493 2066 652 2097 400—3.
680 2085 723 2089 —

44 2107 172 2152 ‘or-edo,
193 2111 262 2151 vgl.
281 2111 323 2142 A.
344 2110 399 2150 Vl,
421 2110 498 2142 368.
528 2130 569 2133 —-
596 2121 664 2143 vno
684 2114 721 2142 in

56 2154 175 2194 eordeg
199 2157 270 2196 vgl.
297 2155 339 2187 A.
366 2155 443 2196 ΧΙΙ,
475 2156 551 2188 667.
582 2156 659 2188 847.
679 2175 725 2179 -

54 2204 242 2242 mixtoque
262 2204 330 2232 ins.
353 2201 464 2232 lactu.
501 2201 723 2233 Prosaiscbet·

56 2247 147 2278 w'zire
166 2249 310 2278 insania
331 2247 431 2278 luctu
449 2248 581 2286 mimia,
601 2247 670 2287 'vgl.
689 2258 721 2278 z.

57 2291 97 2323 E.
120 2292 174 2332 10,
195 2292 250 2322 55.

101 2392 135 2413 ν.
156 2381 264 2413 874-
286 2382 340 2413 87.
376 2382 462 2413 Aen.
484 2381 592 2422 adgn.
615 2383 720 2421 enim,

62 2426 176 2467 ‚,Aen.
206 2427 372 2458 erkannte
400 2427 452 2457 die
473 2428 626 2466 Stimme,
657 2437 723 2457 uun

60 2471 255 2503 freilieh!“
305 2474 394 2503 enim
435 2472 624 2503 versichert
669 2472 729 2502 die.

60 2515 244 2548 Wahrheit
270 2517 330 2548 des
355 2517 582 2558 adgnoscere,
611 2517 722 2548 indern

60 2571 96 2593 es
116 2561 178 2593 aus
193 2562 247 2593 die
265 2561 403 2593 Griinde
430 2562 613 2599 hinweis't‚
640 2572 727 2593 wes-

797 1842 875 1873 lialb
896 1843 979 1873 Aen.
1003 1842 1066 1872 den
1078 1840 1268 1872 Mezentius
1289 1841 1461 1873 erkennen

797 1887 944 1927 konute3
966 1887 1032 1927 vgl.
1056 1897 1086 1917 z.
1106 1888 1145 1918 A.
1167 1885 1258 1925 VIN,
1275 1886 1328 1917 34.
1350 1905 1390 1909 —
1409 1890 1462 1918 sia

790 1943 828 1972 p.
852 1933 913 1962 ille
940 1932 1082 1973 d.sac.,
1111 1932 1143 1961 (l.
1167 1932 1198 1961 h.
1226 1933 1344 1971 mogen
1373 1932 1458 1963 denn

795 1977 849 2007 die
877 1976 997 2007 Gotter
1025 1977 1147 2007 deinen
1168 1975 1322 2007 Wunsch
1353 1976 1461 2007 ersiil-

1494 435 1558 467 860

1483 1557 1548 1589 §80

796 2022 848 2053 len
868 2022 933 2052 und
955 2031 1017 2052 uns
1037 2021 1097 2052 mit
1115 2021 1280 2051 einander
1301 2021 1458 2063 kiimpl‘en
1512 2024 1515 2027 “

793 2067 921 2098 lasseu.
953 2085 997 2089 —-
1031 2065 1100 2097 Den
1127 2065 1259 2097 Versen
1289 2066 1458 2098 875—82

794 2113 875 2152 liegt
907 2111 1085 2152 folgender
1111 2110 1389 2151 Gedankengang
1416 2123 1456 2143 zu

793 2156 950 2188 Grunde:
972 2155 1063 2188 Nach
1084 2157 1155 2186 dem
1177 2156 1270 2187 Tode
1291 2157 1350 2188 des
1369 2156 1459 2188 Lau—

792 2212 849 2233 sus
876 2202 933 2233 hat
963 2202 1022 2232 das
1048 2201 1161 2232 Leben
1191 2200 1314 2232 keinen
1335 2201 1455 2233 Wertli

791 2248 886 2278 mehr
912 2247 967 2278 fiir
992 2247 1100 2286 mit-113
1128 2246 1181 2277 ich
1208 2246 1277 2277 will
1303 2247 1455 2287 sterben,

791 2293 877 2323 mich
905 2292 1031 2323 vorher
1056 2291 1137 2322 aber
1164 2291 1246 2322 noch
1273 2300 1314 2322 au
1335 2292 1388 2323 dir
1406 2293 1458 2323 r'a-

792 2338 900 2377 chen,
936 2337 1002 2367 und
1037 2336 1209 2367 kiimmere
1243 2337 1328 2367 mich
1366 2337 1459 2368 nicht

793 2383 932 2421 darum,
960 2381 999 2411 ob
1026 2382 1079 2412 die
1105 2380 1228 2412 Go'tter
1253 2381 1305 2412 dir
1332 2382 1459 2413 heiste-

792 2428 856 2458 heu
892 2427 975 2457 oder
1008 2426 1111 2458 nicht.
1154 2425 1350 2466 Verg‘ebens
1385 2427 1458 2459 also

793 2472 912 2503 suchst
940 2472 983 2502 du
1010 2472 1097 2502 mich
1132 2471 1233 2502 durch
1270 2471 1323 2502 die
1349 2472 1456 2504 Anru-

796 2518 877 2556 sung
905 2517 964 2548 der
984 2516 1106 2548 Gotter
1129 2527 1171 2547 zu
1190 2516 1392 2549 schreeken.
1413 2535 1456 2540 —

784 2563 946 2603 figitque
973 2561 1140 2602 volatque
1156 2563 1303 2604 :figit
1321 2563 1454 2594 volans.
