1682 2979
191 168 268 207 134

669 165 704 198 Ρ.
725 165 890 198 VlRGlLl
912 165 1107 199 MARONIS

182 277 363 324 Miratus,
389 282 518 329 stupet
538 277 577 315 in
599 277 750 326 Turno,
776 281 994 341 corpusque
1017 291 1084 331 per
1106 277 1242 331 ingens

181 333 349 372 Lumina
370 332 510 381 volvit,
536 333 692 386 obitque
715 335 814 373 truci
839 334 972 386 procul
994 333 1125 373 omnia
1149 334 1250 382 visu,

183 387 342 427 lalibus
365 394 404 426 et
426 388 538 428 dictis
560 388 590 428 it
611 396 722 429 conti
725 404 746 429 ἰ
769 389 868 430 dicta
892 397 929 443 ι)
933 389 1071 429 ranui:

182 442 262 483 Aut
283 443 418 496 spoliis
442 457 514 496 ego
538 444 611 484 iam
636 446 756 499 raptis
783 435 969 485 laudabor
991 445 1144 508 opimis,

96 508 163 538 450
185 499 265 539 Aut
286 499 397 538 leto
386 500 556 552 insigni·
547 530 556 548 ,
591 502 687 540 sorti
711 509 851 554 pater
842 516 988 554 aequus
1010 502 1162 553 utrique
1185 508 1260 541 est.

181 555 294 594 Tolle
317 555 457 595 minas.

502 556 621 596 Fatus
641 557 811 596 medium
835 558 1037 610 procedit
1029 572 1065 596 ln
1090 570 1251 609 aequm.

183 610 364 664 Frigidus
387 610 603 650 Arcadibus
625 612 701 651 coit
724 612 763 651 in
787 613 1014 665 praecordia
1037 613 1211 665 sanguis.

182 666 349 706 Desiluit
371 666 528 706 lurnus
552 666 718 720 biiugis,
753 668 901 720 pedes
893 674 1055 720 apparat
1076 670 1133 707 ire

184 722 428 762 Comminus.

474 722 597 774 thue
622 723 697 771 leo,
722 723 880 775 specula
904 737 989 763 cum
1013 724 1108 762 vidit
1130 723 1175 762 ab
1198 723 1275 762 alta

96 787 161 818 455
185 778 298 817 Stare
321 778 455 831 procul
478 778 622 831 eampis
646 779 898 818 meditantem
922 779 961 818 in
983 779 1131 832 proelia
1157 785 1322 824 taurum,

180 833 370 873 Advolat:
406 834 504 873 haud
528 835 603 874 alia
625 842 684 876 est
705 834 825 875 Turni
848 834 1044 874 venientis
1067 834 1231 887 imago.'

183 889 294 929 Hunc
317 889 380 929 ubi
403 891 628 943 contiguum
653 891 797 930 missae
821 893 904 930 l'ore
927 890 1091 931 credidit
1114 891 1263 938 bastae,

99 1903 162 1934 475

183 946 243 984 lre
266 946 373 998 prior
394 946 537 995 Pallas,
565 946 597 986 si
619 961 694 999 qua
717 949 796 987 l'ors
819 946 975 987 adiuvet
997 960 1131 986 ausum

181 1000 340 1041 Viribus
364 1001 580 1055 inparibus,
607 1016 865 1055 magnumque
888 1003 940 1042 ita
963 1003 1010 1042 ad
1033 1002 1193 1042 aethera
1217 1002 1344 1041 fatur:

97 1065 163 1096 460
185 1057 261 1096 Per
284 1058 405 1110 patris
430 1057 639 1110 hospitium
662 1065 700 1098 et
723 1072 891 1107 mensas,
917 1072 1012 1110 quas
1035 1059 1185 1097 advena
1209 1057 1339 1106 adisti,

183 1113 241 1152 Te
263 1126 417 1166 precor,
442 1113 595 1162 Alcide,
620 1115 769 1167 coeptis
792 1114 1016 1167 ingentibus
1038 1113 1158 1153 adsis.

184 1169 330 1209 Cernat
351 1170 535 1210 semineci
558 1170 629 1209 sibi
654 1184 714 1209 me
736 1184 877 1223 rapere
900 1184 1008 1210 arma
1032 1175 1211 1217 eruenta,

182 1224 458 1277 Victoremque
481 1226 607 1265 ferant
630 1226 834 1266 morientia
859 1226 1006 1266 lumina
1028 1224 1170 1265 Turni.

182 1281 317 1320 Audiit
336 1281 494 1321 Alcides
516 1282 715 1330 iuvenem,
740 1294 997 1334 magnumque
1020 1281 1090 1321 sub
1113 1282 1190 1320 imo

97 1344 162 1376 465
187 1336 313 1376 Corde
335 1336 475 1389 premit
498 1338 684 1389 gemitum
707 1337 967 1390 lacrimasque
990 1336 1149 1377 effundit
1176 1336 1319 1376 inanis.

183 1392 280 1432 Tum
306 1392 472 1431 Genitor
493 1400 624 1432 natum
648 1393 759 1433 dictis
782 1395 937 1434 adlatur
958 1393 1120 1433 amicis:

183 1448 270 1487 Stat
291 1461 360 1487 sua
382 1448 520 1499 cuique
544 1448 650 1497 dies,
687 1449 806 1489 breve
829 1456 867 1489 et
889 1448 1152 1502 inreparabile
1174 1455 1324 1500 tempus

185 1502 371 1543 Omnibus
395 1510 454 1543 est
474 1503 604 1554 vitae,
630 1504 705 1543 *sed
728 1505 866 1543 famam
891 1505 1107 1544 extendere
1131 1505 1256 1553 saetis,

184 1559 266 1599 Hoc
286 1559 447 1599 virtutis
471 1573 585 1612 opuS.
627 1559 773 1600 Troiae
794 1560 865 1600 suh
889 1560 1092 1600 moenibus
1115 1559 1203 1599 altis

98 1622 165 1654 470
185 1615 259 1654 Tot
281 1615 389 1668 gnati
413 1615 590 1655 cecidere
613 1616 750 1666 deum,
786 1616 878 1669 quin
901 1616 1043 1655 oceidit
1066 1629 1139 1655 una

183 1671 400 1724 Sarpedon,
434 1684 520 1711 mea
552 1673 777 1725 progenies.

822 1672 950 1712 Etiam
974 1685 1042 1712 sua
1066 1671 1243 1711 Turnum

184 1727 281 1766 Fata
300 1734 459 1776 vocant,
486 1734 688 1780 metasque
711 1728 787 1767 dati
812 1727 992 1781 pervenit
1013 1728 1058 1767 ad
1082 1726 1185 1767 aevi.

185 1782 248 1822 Sic
270 1783 342 1831 ait,
366 1790 481 1836 atque
504 1784 639 1823 oculos
662 1784 892 1824 Rutulorum
915 1783 1043 1823 reiicit
1065 1783 1185 1823 arvis.

183 1838 234 1878 At
256 1839 383 1879 Pallas
406 1840 558 1891 magnis
581 1840 725 1880 emittit
746 1840 896 1880 viribus
920 1841 1085 1888 hastam,

186 1894 413 1947 Vagiuaque
436 1909 533 1935 cava
557 1896 767 1948 fulgentem
791 1896 931 1950 deripit
953 1910 1103 1936 ensem.

184 1983 250 2024 vgl.
271 1994 300 2014 z.
320 1984 360 2015 A.
384 1983 408 2023 l,
430 1984 510 2015 225.
539 2002 584 2007 —
608 1989 705 2026 stup.
738 1988 772 2015 in
797 1985 850 2026 T„

184 2028 253 2068 vgl.
280 2026 399 2059 vater.
430 2028 480 2059 Fl.
511 2028 535 2069 l,
568 2030 631 2060 66:
671 2034 792 2070 stupet
818 2033 851 2061 1'11

185 2073 347 2105 ducibus.
375 2073 493 2104 Horat.
515 2079 581 2105 sat.
606 2074 631 2113 l,
653 2075 684 2114 6,
712 2075 768 2105 172
791 2077 855 2117 qui

183 2120 304 2159 stupet
322 2119 357 2148 in
379 2120 499 2149 titulis
513 2122 549 2149 et
565 2121 795 2161 imaginibus.
812 2138 853 2143 ——

184 2165 249 2193 aut
265 2162 374 2203 spol.,
393 2163 462 2202 vgl.
485 2163 578 2194 Hom.
592 2163 631 2194 ll.
651 2163 851 2204 XXtt,2.33.

186 2224 225 2230 --
245 2209 344 2238 sorti
355 2218 393 2248 11·
414 2218 489 2249 aeq.
511 2212 660 2249 nonest,
683 2211 852 2250 „geneum

185 2253 230 2284 ist
247 2252 367 2284 beides
385 2252 458 2283 'dem
480 2252 628 2284 vater.<⁶
657 2253 718 2286 Die
732 2254 853 2286 Worte

187 2297 361 2328 entbalten
405 2297 458 2328 die
498 2298 655 2330 Antwort
695 2299 758 2330 auf
800 2300 854 2331 die

187 2342 405 2382 ruhmredige
434 2342 597 2383 Droliung
631 2344 690 2375 des
719 2343 853 2376 Turnus

187 2387 220 2417 in
240 2396 273 2418 v.
286 2387 456 2419 4-12-43.
469 2405 514 2410 —
530 2388 852 2430 mede't.1'nproel.,

187 2431 254 2471 vgl.
277 2430 318 2463 G.
340 2431 397 2471 ΙΙΙ,
421 2432 527 2463 232—
536 2434 589 2464 34.

231 2486 265 2507 v.
286 2477 472 2509 457-73.
513 2488 579 2518 pet·
594 2489 627 2519 71·
652 2474 752 2520 hos'p
787 2478 857 2510 Zur

188 2518 298 2552 sache
319 2522 387 2566 vgl.
409 2522 449 2554 A.
473 2522 560 2562 Vlll,
576 2523 703 2566 362sq.
724 2534 858 2555 --czr-

189 2569 265 2605 nat,
287 2563 430 2598 niimliclt
451 2567 601 2608 Turnus,
624 2580 652 2600 5.
667 2580 697 2601 z.
711 2570 750 2601 A.
767 2568 853 2606 Vlll‚

925 1987 1003 2017 271.
1016 1983 1400 2026 —J)1·em.ge111.lae1·.
1415 1982 1488 2024 eff.,
1511 1980 1541 2012 d.
1559 1982 1590 2011 h.

925 2041 963 2062 er
988 2031 1125 2061 iiussert
1160 2029 1276 2061 seinen
1303 2027 1464 2059 Scbmerz
1502 2026 1593 2057 nicht

926 2075 1031 2106 dureb
1052 2074 1189 2113 lVorte,
1219 2073 1366 2104 sondern
1396 2083 1461 2104 uur
1487 2072 1591 2104 durch

925 2119 1098 2152 Thriinen.
1127 2137 1172 2142 ——
1198 2129 1263 2150 sua
1291 2120 1418 2159 cuique
1443 2117 1494 2158 d.,
1524 2117 1592 2156 vgl.

927 2165 1022 2196 llom.
1052 2165 1088 2196 ll.
1119 2163 1195 2202 XV,
1225 2163 1303 2195 (513.
1333 2163 1490 2204 —sayw
1518 2165 1592 2193 εκεῖ.

915 2211 1027 2251 suet„
1057 2210 1125 2249 vgl.
1156 2212 1193 2241 A.
1217 2207 1273 2247 Vt,
1294 2208 1371 2240 806.
1401 2225 1448 2231 —
1473 2207 1592 2248 Sarp.‚

926 2266 953 2286 s.
986 2265 1016 2286 z.
1048 2255 1087 2286 A.
1119 2254 1144 2295 1,
1169 2254 1242 2286 100.
1275 2271 1319 2277 —-
1343 2263 1395 2284 oc.
1415 2252 1500 2284 Rue.
1528 2255 1592 2283 rei.

926 2310 1000 2331 arv.
1029 2299 1165 2341 Jupiter
1183 2299 1320 2331 wendet
1339 2298 1401 2329 den
1413 2298 1506 2329 Blick
1521 2307 1594 2337 weg

926 2355 989 2375 von
1019 2345 1082 2376 den
1113 2344 1234 2376 Fluren
1263 2345 1325 2375 der
1351 2342 1505 2383 Rutuler,
1541 2353 1592 2374 um

927 2391 1021 2420 nicht
1047 2390 1110 2420 den
1130 2388 1201 2420 Tod
1232 2389 1291 2420 des
1314 2387 1441 2426 Pallas,
1472 2389 1536 2419 den
1558 2398 1594 2419 er

929 2435 1020 2466 nicht
1049 2435 1191 2465 ltinderu
1221 2433 1302 2465 darl‘
1323 2433 1390 2465 und
1410 2433 1504 2464 nicht
1522 2433 1595 2464 hin-

927 2481 1009 2511 ‹lern
1030 2480 1115 2518 wilt,
1138 2490 1178 2510 zu
1200 2479 1317 2511 seben.

974 2535 1005 2555 v.
1028 2524 1198 2556 474—59.
1229 2526 1347 2565 vogin.
1369 2523 1493 2565 caus.
1515 2523 1590 2555 der.

927 2580 1001 2600 ens.
1048 2569 1160 2601 Pallas
1189 2569 1264 2600 tbut
1289 2569 1361 2600 also
1387 2569 1473 2600 alles
1501 2568 1594 2609 Misg-
