1682 2979
542 189 761 222 AENEIDOS
786 189 867 221 LlB.
896 190 951 222 111.

1393 182 1463 227 93

47 290 160 328 Haud
192 289 339 339 inpune
370 288 553 339 quidem,
585 301 658 328 nec
688 290 779 328 talia
809 301 953 340 passus
984 290 1128 335 Ulixes

50 345 253 383 Oblitusve
284 344 345 382 sui
377 349 436 383 est
464 343 621 382 Ithacus
653 344 881 383 discrimine
912 350 1032 383 tanto.

46 400 143 439 Nam
175 399 289 441 simul
321 399 496 450 expletus
528 399 695 449 dapibus
725 400 894 450 vinoque
925 400 1101 449 sepultus

49 455 248 494 Cervicem
278 454 460 493 inflexam
489 454 644 504 posuit,
676 455 874 505 iacuitque
905 466 976 504 per
1005 460 1158 491 antrum

45 510 266 555 lnmensus,
297 509 447 548 saniem
467 516 661 551 ,eructans
691 515 730 548 et
760 511 882 548 frusta
914 514 1076 547 cruento

45 565 124 604 Per
152 576 331 603 somnum
363 564 572 603 commixta
602 577 724 610 mero,
758 577 842 610 nos,
875 576 1014 613 magna
1045 563 1195 614 precati

45 620 213 658 Numina
246 619 455 670 sortitique
484 619 605 664 vices,
638 633 713 658 una
745 620 920 670 undique
952 620 1097 658 circum

46 674 283 719 Fundimur,
315 680 354 713 et
384 675 460 713 telo
491 675 623 714 lumen
656 675 898 713 terebramus
929 679 1056 721 acuto,

45 730 211 779 Ingens,
245 729 348 780 quod
380 730 646 768 torvasolum
677 730 749 768 sub
783 731 911 768 fronte
943 729 1100 772 latebat,

44 784 217 834 Argolici
251 784 367 834 clipei
399 790 464 823 aut
493 785 700 823 Phoebeae
730 785 924 836 lampadis
956 785 1093 829 instar,

45 840 94 877 Et
125 840 281 877 tandem
311 840 402 878 laeti
435 841 633 878 sociorum
664 840 894 878 ulciscimur
923 839 1105 877 umbras.⁷

45 895 123 933 Sed
155 894 287 944 fugite,
321 906 342 931 ο
374 894 522 938 miseri,
553 895 695 943 fugite,
728 900 842 943 atque
874 894 921 932 ab
952 894 1068 931 litore
1100 894 1231 932 funem

43 949 241 999 Rumpite.

42 1004 139 1042 Nam
173 1003 299 1054 qualis
332 1008 578 1053 quantusque
610 1015 703 1041 cavo
735 1002 1000 1060 Polgphemus
1031 1002 1071 1039 in
1103 1006 1215 1040 antro

43 1058 256 1107 Lanigeras
288 1058 433 1096 claudit
463 1057 635 1107 pecudes
667 1064 782 1107 atque
813 1057 934 1096 ubera
967 1062 1136 1107 pressat,

45 1114 208 1152 Centum
240 1113 306 1151 alii
338 1125 452 1151 curva
485 1113 581 1150 haec
612 1112 792 1150 habitant
823 1112 868 1150 ad
901 1112 1016 1150 litora
1049 1112 1161 1161 volgo

42 1168 197 1219 Infandi
231 1168 420 1218 Cyclopes
453 1174 491 1205 et
521 1167 609 1205 altis
642 1168 841 1205 montibus
873 1173 1017 1206 errant.

46 1223 179 1262 Tertia
211 1223 286 1261 iam
317 1223 450 1261 Lunae
482 1235 523 1260 se
556 1235 701 1261 cornua
734 1223 881 1262 lumine
913 1222 1113 1273 conplent,

45 1279 140 1318 Cum
168 1278 284 1317 vitam
316 1278 354 1316 in
387 1278 496 1316 silvis
527 1277 630 1316 inter
661 1278 817 1317 deserta
847 1279 1019 1316 ferarum

41 1334 182 1372 Lustra
215 1333 433 1383 domosque
466 1333 597 1378 traho,
630 1339 840 1384 vastosque
872 1333 919 1372 ab
951 1346 1048 1384 rupe
1081 1331 1272 1382 Cyclopas

41 1388 264 1438 Prospicio,
296 1388 548 1438 sonitumque
578 1389 722 1439 pedum
753 1401 967 1439 vocemque
999 1394 1208 1426 tremesco.

41 1443 193 1482 Victum
225 1443 437 1489 infelicem,
468 1444 586 1482 bacas
617 1444 874 1494 lapidosaque
907 1456 1039 1488 corna,

42 1499 143 1537 Dant
173 1499 285 1545 rami,
317 1504 355 1536 et
383 1499 505 1537 volsis
538 1505 706 1549 pascunt
735 1499 935 1538 radicibus
967 1499 1125 1537 herbae.

44 1553 183 1592 Omnia
214 1553 474 1598 conlustrans,
507 1554 609 1592 hanc
639 1554 810 1604 primuni
841 1555 887 1592 ad
920 1554 1036 1592 litora
1067 1553 1235 1591 classem

45 1608 240 1658 Conspcxi
269 1608 504 1646 venientem.

564 1609 664 1646 Huic
693 1621 768 1653 me,
801 1621 1073 1659 quaecumque
1105 1608 1257 1653 fuisset,

40 1663 202 1701 Addixi:
236 1663 331 1700 satis
362 1669 422 1700 est
452 1668 608 1711 gentem
641 1663 828 1711 effugisse
860 1664 1084 1702 nefandam.
1125 1680 1129 1684 ,

43 1718 119 1756 Vos
151 1718 319 1756 animam
351 1718 452 1755 hanc
484 1717 614 1768 potius
647 1730 894 1768 quocumque
926 1718 1118 1756 absumite
1150 1717 1239 1755 leto.

156 1772 223 1810 Vix
254 1785 297 1811 ea
330 1773 431 1811 fatus
463 1779 558 1818 erat,
591 1785 743 1811 summo
776 1786 863 1812 cum
896 1780 1027 1811 monte
1059 1773 1235 1811 videmus

42 1828 174 1878 Ipsum
207 1827 309 1866 inter
340 1828 510 1877 pecudes
541 1833 647 1866 vasta
679 1841 721 1867 se
752 1829 855 1867 mole
886 1834 1106 1867 moventem

40 1883 245 1921 Pastorem
276 1883 555 1932 Polyphemum
589 1890 626 1921 et
656 1883 768 1922 litora
801 1891 891 1922 nota
923 1890 1136 1934 petentem,

40 1938 256 1976 Monstrum
288 1938 540 1983 horrendum,
573 1938 752 1985 informe,
785 1939 936 1988 ingens,
969 1939 1031 1977 cui
1063 1939 1194 1976 lumen
1217 1938 1455 1988 ademptum.

86 2068 116 2088 v.
145 2058 308 2091 630—38.
338 2058 411 2098 Vgl.
434 2059 526 2090 Hom.
557 2059 617 2090 Od.
647 2058 704 2093 lX.

42 2103 102 2134 371
131 2111 179 2142 sq.
209 2121 246 2125 -—
278 2113 344 2144 per
367 2106 516 2134 antrum.
565 2103 709 2135 WVarum

42 2145 130 2176 nicht
154 2147 190 2176 in
215 2149 346 2178 antro?
378 2166 419 2170 —-
445 2151 526 2179 sort.
555 2149 653 2187 vices,
679 2158 705 2179 s.

41 2190 133 2221 Hom.
163 2189 223 2221 Od.
253 2190 309 2226 IX.
340 2193 559 2224 331—33.-
584 2192 706 2233 Argol.

43 2234 119 2276 clip.
167 2233 235 2265 Der
275 2236 457 2275 argolische
493 2236 603 2268 Schild
637 2246 710 2266 war

2 2314 5 2317 ἢ
40 2279 124 2312 rund
158 2279 219 2309 und
253 2289 288 2311 so
315 2290 426 2319 gross,
463 2281 540 2312 dass
575 2291 612 2312 er
645 2281 710 2311 fast

42 2322 103 2353 den
135 2332 258 2361 ganzen
293 2324 390 2356 Manu
428 2325 543 2356 ‹leckte
591 2320 711 2362 (ἀσπὶς

41 2362 272 2442 ἷμτῖἲιχρρέτη).
289 2387 332 2392 —-
355 2369 477 2400 Plzoeb.
507 2369 624 2410 lamp„
642 2368 706 2408 vgl.

86 2464 117 2484 v.
146 2451 309 2488 639—'54.
358 2456 432 2495 fun.
459 2467 593 2499 7·ump.,
620 2468 645 2489 s.
674 2468 707 2489 v.

43 2498 118 2530 266.
147 2516 186 2521 —
212 2499 332 2540 volgo,
366 2501 436 2532 hier
470 2502 533 2532 und
560 2502 610 2537 da,
640 2502 706 2541 vgl.

41 2541 81 2572 E.
104 2543 133 2578 4,
157 2542 209 2574 25.
224 2542 260 2574 G.
275 2542 327 2580 111,
342 2545 469 2577 494.A.
494 2545 545 2581 VI,
563 2547 638 2579 283.
670 2564 708 2570 --

781 2059 872 2090 hane
900 2061 1065 2101 primum.
1119 2058 1189 2090 Seii
1230 2058 1361 2088 Achem.
1398 2058 1460 2088 auf

781 2102 840 2134 der
871 2103 957 2135 Insel
991 2104 1050 2134 der
1076 2102 1246 2145 Cyklopen
1272 2101 1455 2141 zuriickge-

778 2147 889 2178 lassen
915 2158 997 2183 war,
1027 2148 1083 2179 sah
1111 2158 1148 2178 er
1162 2147 1229 2178 sich
1245 2146 1453 2177 humei-nach

781 2192 921 2223 Schiffen
940 2202 990 2223 uin
1006 2205 1011 2223 :
1036 2193 1124 2232 jelzt
1148 2202 1220 2222 zum
1237 2195 1347 2222 ersten
1366 2190 1453 2222 Male

779 2236 866 2267 sieht
899 2247 936 2268 er
969 2237 1041 2267 eine
1075 2236 1199 2272 Flotte,
1240 2235 1292 2266 die
1318 2234 1379 2265 auf
1399 2234 1452 2264 die

780 2281 865 2312 lnsel
890 2285 1069 2314 zusteuert,
1099 2281 1162 2312 und
1188 2284 1282 2310 z'war
1307 2278 1359 2309 die
1385 2283 1452 2309 tro—

776 2325 939 2365 janische.
970 2343 1008 2348 -—
1036 2325 1126 2355 Huic
1149 2334 1202 2354 me
1227 2322 1362 2361 addace,
1401 2321 1453 2352 ihr

781 2370 843 2408 gab
869 2369 917 2399 ich
943 2369 1025 2399 mich
1051 2379 1090 2399 zu
1117 2368 1222 2407 eigen,
1252 2367 1335 2397 deun
1353 2365 1453 2397 addi-

782 2424 857 2444 cere
880 2414 997 2444 wurde
1015 2422 1088 2443 vom
1101 2412 1220 2443 Prator
1237 2415 1361 2450 gesagt,
1392 2410 1453 2441 der

779 2457 969 2488 Jelnandem
995 2462 1099 2488 etwas
1115 2455 1371 2495 alsEigenthum
1395 2464 1453 2485 zu-

781 2502 952 2533 erkannte.

824 2557 854 2576 v.
871 2547 1035 2579 655-—65.
1065 2556 1099 2577 se
1122 2547 1320 2576 moventem.
1347 2541 1454 2574 War-

1477 401 1544 433 630

1478 676 1542 708 635

1476 951 1543 982 640

1474 1227 1541 1258 645

1473 1504 1538 1535 650

1471 1781 1535 1813 655
