1682 2979
585 148 806 181 AENEIDOS
827 150 908 182 ΗΒ.
930 149 1018 182 ΥΙΙΙ.

1455 150 1507 187 55

106 261 185 302 Aut
207 273 428 314 conponere
450 273 544 313 opes
565 267 732 309 norant,
757 268 822 299 aut
844 273 1004 311 parcere
1026 266 1152 313 parto,

107 317 183 357 Sed
204 317 303 357 rami
323 323 439 369 atque
461 330 576 369 asper
595 317 702 355 victu
723 323 887 355 venatus
910 315 1052 355 alebat.

106 373 262 413 Primus
284 372 528 412 absaetherio
552 372 669 412 venit·
681 371 874 411 Saturnus
899 371 1077 425 Olympo,

104 428 226 469 Arma
248 428 350 468 Iovis
375 428 526 480 fugiens
550 436 588 468 et
607 428 740 480 regnis
763 428 881 467 exsu'l
901 428 1106 480 ademptis.

36 512 44 521 .
105 485 142 525 Is
164 498 287 538 genus
310 480 479 524 indocile
502 498 545 524 ac
567 485 784 537 dispersum
807 484 1003 523 montibus
1026 483 1116 523 altis

105 540 346 594 Conposuit,
371 541 554 593 legesque
576 540 702 588 dedit,
728 539 958 591 Latiumque
982 539 1115 579 vocari

103 597 262 644 Maluit,
291 596 348 636 his
372 597 553 649 quoniam
575 597 756 636 latuisset
782 603 885 635 tutus
908 595 947 635 in
970 595 1065 635 oris.

104 653 236 693 Aurea
257 666 356 705 quae
379 652 604 705 perhibent,
630 652 698 691 illo
720 652 790 691 sub
813 665 906 704 rege
933 652 1041 691 fuere

104 708 293 749 Saecula:
328 708 384 747 sic
406 709 557 761 placida
580 708 740 761 populos
762 708 802 747 in
825 721 919 761 pace
940 707 1126 760 regebat,

104 764 288 805 Deterior
310 766 432 804 donec
456 765 636 817 paulatim
659 779 703 803 ac
726 764 885 803 decolor
907 771 1016 803 aetas

103 821 153 860 Et
173 820 264 860 belli
287 820 416 861 rabies
441 827 479 860 et
499 834 609 860 amor
629 821 819 860 successit
840 819 1021 859 habendi.

104 877 200 916 Tum
224 890 363 916 manus
384 876 559 915 Ausoni·1
581 883 620 914 et
640 883 778 928 gentes
801 887 946 914 venere
969 870 1167 923 Sicanae(

104 932 266 985 Saepius
288 939 327 970 et
349 944 489 970 nomen
512 932 642 983 posuit
663 929 847 969 Saturnia
869 930 1007 979 tellus3

102 988 202 1026 Tum
223 1000 338 1039 reges
360 999 550 1039 asperque
571 985 719 1025 inmani
742 999 905 1049 corpore
928 985 1112 1039 lhybris‚

101 1043 136 1082 A
157 1057 230 1095 quo
255 1048 342 1096 post
365 1041 448 1081 ltali
469 1042 628 1082 fluvium
653 1044 885 1095 cognomine
906 1042 994 1081 Thv
998 1041 1093 1081 brim

101 1098 308 1147 Diximus3
333 1097 466 1138 amisit
488 1112 621 1138 verum
644 1105 756 1138 vetus
777 1098 918 1137 Albula
939 1112 1099 1138 nomen.

101 1155 165 1194 Me
187 1154 337 1208 pulsum
362 1153 484 1216 patria
510 1154 713 1207 pelagique
735 1161 912 1194 extrema
936 1160 1165 1206 sequentem

101 1211 274 1250 Fortuna
298 1210 544 1262 omnipotens
568 1218 606 1250 et
627 1210 784 1250 ineluct·
786 1210 873 1250 {bile
896 1212 1018 1249 fatum

102 1266 175 1306 His
199 1279 368 1320 posuere
390 1265 504 1315 loc-is,
529 1266 744 1318 matrisque
767 1279 884 1320 egere
906 1266 1108 1306 tremenda

102 1321 319 1362 Carmentis
340 1321 544 1376 Nvmphae
567 1322 715 1362 monita
737 1329 778 1362 et
797 1324 891 1362 deus
915 1329 1052 1362 auctor
1071 1319 1226 1374 Apollo.

55 1412 61 1413 ff
100 1378 180 1418 Vix
201 1392 247 1418 ea
268 1377 559 1417 dicta:del1inc
581 1391 813 1442 progressus
836 1385 1027 1418 monstrat
1050 1385 1085 1417 et
1108 1391 1216 1417 aram

99 1435 149 1475 Et
169 1433 457 1483 Carmentalem
479 1435 643 1474 Romani
664 1435 820 1474 nomine
842 1442 994 1488 portam

101 1489 224 1541 Quam
245 1497 486 1540 memorant,
517 1490 722 1544 N3mphae
745 1491 913 1544 priscum
937 1488 1158 1530 Carmentis
1181 1487 1386 1536 honorem,

99 1546 134 1585 Υ
137 1546 211 1586 atis
234 1545 439 1594 fatidicae,
464 1547 605 1586 cecinit
626 1559 723 1599 quae
745 1546 867 1599 plima
891 1549 1042 1586 tuturos

41 1638 49 1643 .
98 1602 305 1643 Aeneadas
326 1615 490 1654 magnos
512 1609 549 1641 et
570 1602 698 1642 nobile
720 1602 980 1642 Pallanteum.

101 1658 201 1698 Hinc
223 1658 353 1698 lucum
374 1658 590 1711 ingentem,
615 1671 728 1711 quem
744 1658 929 1699 Romulus
952 1671 1041 1698 acer
1061 1656 1225 1711 Asylum

105 1792 280 1824 ralischen
314 1792 398 1823 oder
433 1792 668 1824 iisthetischen
705 1795 771 1823 An-

110 1838 244 1870 sichteu
278 1847 343 1868 von
369 1837 494 1878 Recht,
529 1837 670 1878 Tugend
703 1837 771 1868 und

103 1882 259 1914 Austand
286 1883 365 1924 hat;
394 1883 526 1923 cultas,
556 1883 610 1913 die
629 1883 770 1913 {iussere

102 1927 480 1967 Lebenseinrichtung‚
515 1927 578 1958 wie
613 1927 662 1958 sie
697 1927 768 1957 sich

99 1972 157 2004 hei
186 1972 382 2013 gebildeten
411 1971 561 2004 Volkern
590 1972 694 2011 zeigt.
723 1989 768 1993 ——

105 2027 205 2059 conp.
241 2027 322 2058 op.‚
365 2017 669 2057 „einzusammeln
712 2016 767 2047 die

102 2062 252 2094 Friiehte
287 2063 347 2093 des
382 2061 547 2094 Feldes.“
583 2079 619 2085 -d
661 2064 770 2099 rami,

103 2107 370 2148 Baumffliehte,
398 2108 586 2138 besonders
611 2106 768 2145 Eicheln,

103 2163 134 2184 s.
154 2162 187 2184 z.
208 2151 334 2190 G.1,S.
352 2170 397 2174 ——
414 2162 492 2193 asp.
513 2163 544 2184 v.
566 2162 659 2193 ven„
680 2152 771 2192 „der

103 2197 191 2238 Jagd
214 2197 403 2237 miihselige
428 2197 592 2229 Arbeit.“
621 2215 660 2220 —
693 2199 772 2238 pri-

102 2252 194 2282 mus,
215 2242 248 2273 d.
263 2243 296 2273 h.
310 2242 480 2274 Saturnus
498 2252 570 2274 war
589 2243 770 2283 dererste,

105 2287 167 2319 der
192 2287 309 2318 diesen
332 2286 489 2319 Zustand
515 2288 673 2326 andeste,
700 2284 769 2328 vgl.

104 2331 145 2363 E.
175 2332 207 2372 S,
238 2333 293 2363 24.
321 2333 359 2363 A.
381 2332 437 2373 lv,
460 2333 536 2364 545.
567 2332 608 2372 V,
630 2332 706 2364 596.
728 2351 769 2355 —

105 2376 187 2408 Lat.
214 2386 288 2409 voc.
315 2377 417 2418 mab,
447 2378 498 2409 als
519 2377 707 2409 Saturnia.
728 2396 771 2401 —-

106 2421 247 2453 decolor
271 2426 383 2461 aetas,
411 2424 473 2454 mit
498 2422 687 2454 Riicksicht
712 2422 774 2454 auf

108 2466 162 2497 die
188 2475 331 2498 aurea
364 2468 519 2500 saecula.
554 2484 598 2490 —-
630 2470 771 2509 saepius

104 2520 205 2552 posu,
242 2512 330 2542 deun
357 2512 417 2543 das
442 2512 538 2544 Laud
565 2513 773 2544 veriinderte

108 2555 172 2587 den
190 2554 319 2587 Namen
339 2555 500 2589 Saturnia
527 2557 621 2589 nicht
648 2568 711 2589 nur
739 2558 772 2589 in

841 1792 995 1828 Latium,
1033 1791 1180 1823 sondern
1212 1790 1329 1832 sp'ater
1356 1789 1442 1821 auch
1471 1789 1505 1820 in

841 1838 1008 1875 Ausonia,
1038 1835 1215 1873 Oenotria,
1247 1834 1417 1878 Tyrsenia
1436 1839 1502 1866 etc.

841 1899 883 1905 -—
904 1861 1226 1914 Camient1s.Liv
1254 1880 1280 1919 Ι,
1379 1879 1502 1916 (Euan-

841 1927 915 1967 der)
941 1926 1178 1957 venerabzfflcm
1204 1893 1397 1956 dztinitate
1431 1934 1505 1955 cre-

840 1972 917 2003 dita
931 1971 1143 2003 Carmentae
1161 1972 1303 2007 matris,
1324 1966 1430 2010 quavi
1441 1970 1504 2009 fa-

840 2017 1014 2058 tiloquam
1035 2020 1120 2047 ante
1137 2015 1294 2057 Szbyllae
1312 2025 1347 2045 κη
1357 2013 1503 2045 [taleam

838 2062 1028 2093 adventum
1048 2063 1202 2092 miratae
1219 2070 1278 2091 eae
1289 2059 1505 2100 gentesfue-

839 2111 935 2138 ranl.
980 2107 1082 2138 Diese
1108 2105 1291 2137 Carmenta
1314 2105 1397 2135 oder
1422 2103 1505 2134 Car-

839 2152 963 2184 mentis
998 2151 1112 2182 wurde
1148 2150 1234 2182 auch
1268 2150 1302 2180 in
1345 2149 1504 2191 spateren

839 2196 962 2229 Zeiteu
992 2207 1055 2228 von
1092 2196 1156 2227 deu
1180 2195 1330 2237 ¹Ro'mern
1364 2193 1506 2225 verehrt

840 2243 908 2274 und
930 2243 1023 2273 hatte
1043 2242 1144 2272 einen
1165 2238 1307 2280 Tempel
1325 2248 1377 2270 am
1396 2238 1504 2270 Fusse

839 2288 899 2319 des
920 2285 1202 2328 capitolinischen
1223 2283 1350 2323 Hiigels
1370 2283 1505 2315 undtei-

841 2343 902 2363 neu
945 2332 1045 2363 Altar
1093 2340 1146 2362 am
1195 2328 1505 2360 carmentalischen

840 2377 969 2408 Thore.
1001 2394 1042 2399 -—-
1078 2376 1238 2411 nomine,
1275 2374 1346 2413 vgl.
1374 2373 1416 2405 A.
1444 2371 1502 2414 Vl,

886 2521 917 2542 v.
947 2511 1011 2542 342
1024 2526 1063 2533 -—-
1077 2510 1132 2540 54.
1175 2507 1274 2540 Rom.
1306 2518 1407 2548 acer,
1444 2507 1505 2539 der

840 2555 975 2598 tapfere
995 2554 1050 2595 R.,
1070 2554 1137 2595 vgl.
1155 2558 1263 2585 'unten
1281 2563 1312 2584 v.
1331 2552 1408 2584 441.
1424 2552 1500 2584 614.

1524 433 1589 465 320

1523 991 1587 1023 330

1523 1270 1587 1301 335

1522 1550 1587 1581 340
