1682 2979
137 172 216 211 134

662 179 699 211 P.
728 178 894 212 VIRGlLl
920 178 1116 213 MARole

133 280 193 319 llli
226 280 331 318 inter
360 292 450 320 sese
482 291 621 330 magna
651 281 688 319 vi
719 281 905 320 bracchia
940 281 1080 320 tollunt

54 342 110 374 175
132 337 176 375 ln
207 348 426 387 numerum,
458 342 695 387 versantque
727 337 854 376 tenaci
887 337 1039 388 forcipe
1070 337 1240 377 ferrum:

131 391 219 430 Non
252 391 376 438 aliter,
410 392 443 430 si
474 404 593 443 parva
624 393 718 432 licet
749 405 975 444 conponere
1006 394 1171 443 magnis,

133 448 348 498 Cecropias
379 448 540 487 innatus
572 460 666 499 apes
699 461 810 488 amor
839 455 980 499 urguet
1009 449 1195 495 habendi,

131 503 293 542 Munere
325 516 520 554 quamque
552 516 637 542 suo.

698 505 936 543 Grandaevis
969 505 1114 555 oppida
1152 517 1281 553 curae,

131 558 182 597 Et
210 558 365 597 munire
396 559 519 605 savos,
552 565 591 598 et
620 560 782 598 daedala
814 561 961 610 fingere
994 567 1107 598 tecta.

54 620 111 652 180
132 616 180 652 At
210 614 340 652 fessae
371 614 493 652 multa
523 615 700 653 referunt
729 627 772 653 se
804 622 920 653 nocte
951 615 1139 661 minores,

135 670 257 709 Crura
290 670 420 720 thymo
453 669 615 719 plenae,
646 676 865 720 pascuntur
896 676 934 708 et
965 670 1101 709 arbuta
1134 671 1284 721 passim

131 725 182 763 Et
212 725 367 775 glaucas
399 725 543 764 salices
575 726 802 775 casiamque
836 736 1074 775 crocumque
1106 726 1311 765 rubentem

132 781 182 819 Et
211 781 399 832 pinguem
431 781 556 820 tiliam
587 787 626 820 et
656 781 905 830 ferrugineos
937 781 1185 832 hyacinthos.

135 837 329 876 Omnibus
360 849 436 876 una
469 837 582 887 quies
614 849 792 888 operum,
823 836 937 876 labor
967 837 1149 876 omnibus
1183 850 1303 876 unus:

55 897 113 929 185
133 893 247 931 Mane
278 899 398 931 ruunt
428 892 576 943 portis3
608 905 801 943 nusquam
834 905 967 939 mora;
998 905 1136 931 rursus
1169 894 1329 933 easdem

133 949 284 999 Vesper
312 948 377 987 ubi
413 961 432 986 e
462 954 577 999 pastu
610 949 767 987 tandem
801 948 993 987 decedere
1027 949 1178 999 campis

132 1004 359 1049 Admonuit,
390 1010 470 1043 tum
502 1011 604 1042 tecta
635 1010 786 1055 petunt,
821 1012 899 1043 tum
932 1015 1098 1055 corpora
1132 1010 1291 1052 curant3

133 1060 197 1098 Fit
227 1060 395 1104 sonitus,
427 1066 684 1111 mussantque
717 1072 806 1098 oras
839 1065 877 1099 et
906 1060 1041 1098 limina
1075 1062 1238 1100 circum.

133 1116 243 1161 Post,
276 1115 341 1154 ubi
374 1115 451 1153 iam
485 1116 666 1154 thalamis
698 1128 740 1154 se
773 1127 1034 1166 conposuere,
1068 1116 1207 1154 siletur

54 1172 178 1211 1901n
209 1179 379 1217 noctem,
412 1171 622 1222 fessosque
654 1183 777 1222 sopor
807 1183 902 1209 suus
935 1177 1100 1222 occupat
1134 1178 1253 1210 artus.

133 1228 216 1267 Nec
246 1240 338 1266 vero
372 1239 392 1265 a
424 1227 590 1266 stabulis
621 1227 750 1278 pluvia
784 1226 1026 1277 inpendente
1058 1228 1248 1266 recedunt

132 1283 323 1333 Longius,
357 1288 422 1321 aut
453 1283 619 1321 credunt
650 1283 758 1322 caelo
792 1283 1093 1321 adventantibus
1124 1283 1264 1329 Euris;

135 1339 214 1378 Sed
245 1339 392 1377 circum
424 1344 531 1378 tutae
563 1339 635 1378 suh
667 1339 877 1378 moenibus
908 1339 1017 1377 urbis
1049 1345 1254 1390 aquantur,

133 1395 413 1445 Excursusque
444 1395 574 1433 brevis
607 1401 811 1446 temptant,
843 1400 881 1433 et
911 1407 1030 1446 saepe
1061 1395 1232 1445 lapillos,

55 1453 113 1485 195
135 1450 183 1489 Ut
215 1451 374 1502 cymbae
406 1451 613 1489 instabiles
645 1452 766 1490 fluctu
797 1451 966 1489 iactante
999 1450 1217 1496 saburram,

135 1506 307 1551 Tollunt,
339 1506 401 1545 his
433 1519 522 1545 sese
552 1519 626 1557 per
654 1507 786 1545 inania
819 1506 952 1545 nubila
984 1507 1141 1545 librant.

132 1562 247 1601 Illum
279 1563 377 1601 adeo
409 1562 608 1613 placuisse
641 1563 782 1613 apibus
814 1562 1009 1601 mirabere
1040 1574 1205 1607 morem,

136 1618 249 1664 Quod
282 1630 410 1668 neque
443 1618 654 1656 concubitu
687 1618 904 1668 indulgent,
936 1630 1009 1656 nec
1042 1629 1209 1667 corpora
1241 1628 1383 1667 segnes

135 1718 196 1749 den
233 1717 334 1749 Block
368 1717 518 1757 gestellt,
554 1716 620 1757 xtgl.
650 1717 741 1748 Hom.
770 1716 808 1748 11.

132 1762 264 1800 XVIII,
294 1764 379 1795 476:
420 1763 529 1801 θῆκεν
560 1759 599 1794 ἐν
624 1757 814 1805 ἀκμοθέτῳ

133 1806 251 1851 μέγαν
268 1803 419 1850 ἄκμονα.
438 1826 481 1831 -
505 1811 537 1839 in
551 1819 715 1845 numerurm,
741 1806 807 1845 vgl.

133 1852 174 1883 E.
198 1854 227 1888 6,
248 1853 302 1884 27.
331 1870 374 1875 -
401 1854 559 1894 Cecropius
584 1864 643 1893 ap„
670 1852 811 1889 vorziig-

133 1896 219 1928 liehe
260 1896 384 1927 Bienen
425 1895 491 1927 wie
538 1895 590 1926 die
632 1896 806 1933 uulsa-hen,

133 1941 200 1981 vgl.
228 1941 268 1972 E.
302 1942 328 1977 1,
359 1942 411 1973 54.
451 1939 511 1971 Die
537 1940 659 1971 Bienen
686 1951 737 1971 am
762 1945 810 1971 at-

133 1986 261 2017 tiscben
276 1986 381 2025 Berge
394 1985 568 2027 Ilymettus
581 1984 732 2016 liel'erten
743 1995 812 2015 we-

136 2041 198 2071 gen
232 2031 293 2062 der
317 2030 435 2069 blenge
462 2030 520 2061 des
546 2029 695 2069 doriigen
723 2029 813 2072 Thy-

133 2076 241 2107 niians
267 2076 361 2106 einen
386 2074 669 2117 vielgepriesenen
694 2074 811 2113 IIonig·.

183 2122 349 2153 178-90.
389 2122 591 2158 Grandaevis,
631 2120 706 2153 τοῖς
729 2129 811 2161 ⁷¹9⁸-

136 2163 339 2209 σβυτὲροις;
378 2168 527 2201 immores,
559 2160 596 2195 οἱ
617 2161 655 2195 ἐν
680 2161 806 2204 ἡλικίᾳ.

133 2210 197 2242 Die
221 2210 396 2251 hejabrtcn
414 2209 535 2240 Bienen
557 2209 744 2240 verkebren
762 2209 811 2240 als

133 2254 326 2287 Trabanten
353 2254 410 2285 des
425 2253 582 2286 &Veis-ers
600 2254 641 2285 im
658 2254 807 2296 Rmnpl'e.

135 2319 178 2324 -—-
205 2312 304 2340 crura,
334 2299 457 2338 griech.
486 2300 605 2331 Aecus.
633 2299 699 2330 wie
727 2299 810 2330 oben

134 2355 166 2376 v.
181 2346 236 2378 99.
267 2363 303 2367 -
333 2344 378 2376 Im
400 2343 492 2384 Folg.
519 2344 655 2375 werden
678 2343 810 2375 Blumen

137 2390 194 2421 des
219 2389 407 2428 Friiblings,
435 2389 600 2421 Sounuers
626 2389 689 2420 und
707 2388 813 2420 Herb-

136 2440 204 2466 stes
223 2440 378 2474 genannt.
395 2453 439 2459 —
464 2446 590 2476 corpora
605 2440 720 2473 curant,
745 2433 811 2465 wie

136 2479 294 2510 Soldaten
329 2479 410 2511 uach
443 2478 640 2519 geendigten
676 2478 813 2518 Kriegs-

136 2524 300 2563 iibungen.
329 2543 371 2548 —-—
400 2527 431 2566 fit
465 2527 592 2557 sonitus.
620 2523 703 2555 Plin.
733 2523 809 2555 hist.

137 2573 205 2601 nat.
232 2568 300 2606 XI,
332 2570 390 2602 10:
422 2571 492 2602 Cum
520 2571 754 2612 advesperascit,
780 2571 813 2600 in

881 1719 964 1750 alveo
991 1723 1125 1759 strepunt
1150 1720 1250 1750 mitius
1268 1729 1302 1750 ac
1322 1720 1431 1757 mium,
1461 1719 1561 1750 donec

880 1775 942 1795 una
976 1764 1166 1795 circumvolet
1201 1765 1303 1795 eodem
1330 1774 1387 1805 quo
1414 1765 1557 1795 excitavit

881 1810 998 1842 bombo,
1029 1819 1081 1840 ceu
1107 1810 1233 1849 quietem
1259 1819 1364 1849 capere
1383 1810 1558 1849 imperans:

881 1858 906 1883 et
933 1855 988 1883 hoc
1014 1858 1181 1884 castrorum
1205 1863 1294 1884 more.
1333 1854 1412 1884 Tunc
1435 1857 1558 1894 repenle

880 1908 982 1927 omnes
1014 1899 1225 1928 conticescunt.
1258 1915 1301 1918 —
1344 1907 1436 1935 sopor
1468 1908 1555 1935 suus,

880 1939 931 1970 eiu
968 1939 1097 1974 Scblas,
1136 1939 1200 1970 wie
1235 1949 1272 1971 er
1304 1939 1470 1979 sseissigen
1496 1941 1558 1971 Ar-

880 1983 1009 2015 bviiern
1035 1983 1193 2022 gebiibrt3
1223 1994 1249 2015 S.
1279 1984 1361 2016 oben
1387 1995 1415 2015 z.
1444 1995 1476 2015 v.
1499 1985 1553 2016 22.

930 2030 1092 2061 191—96.
1123 2035 1203 2061 Iutae
1229 2031 1282 2062 sub
1301 2032 1468 2062 moenibus.
1494 2028 1556 2060 Die

880 2073 1075 2105 Ausdriirke
1132 2073 1287 2105 crinnern
1338 2073 1468 2106 wieder
1514 2083 1557 2105 an

880 2118 1171 2156 I{i¹ie;.·,·sl1‹·erc.-
1194 2121 1318 2161 lapillos
1331 2121 1450 2151 tollunt.
1477 2117 1560 2149 Ein-

880 2163 1022 2203 stinnuig
1046 2163 1217 2195 ὕοι-10111011
1243 2163 1295 2194 die
1321 2162 1410 2194 alten
1432 2161 1558 2194 Natur—

881 2208 1041 2243 I'orseber,
1078 2208 1155 2239 dass
1182 2208 1234 2239 die
1259 2207 1383 2239 Bienen
1407 2207 1460 2239 bei
1487 2207 1557 2239 hes—

881 2253 1116 2292 tigemwiude
1142 2252 1251 2284 kleine
1278 2252 1391 2284 Steine
1417 2251 1465 2283 als
1482 2251 1558 2283 Bal-

878 2297 944 2329 last
970 2303 1097 2336 tragrn.
1127 2316 1170 2321 —-
1200 2300 1305 2330 inania
1328 2300 1411 2338 nub„
1438 2306 1557 2336 regen-

877 2342 947 2373 los<-
974 2342 1225 2374 NVindwolken.

928 2389 1113 2420 197—200.
1149 2387 1258 2427 virgil
1273 2385 1373 2425 ‘solgt
1398 2386 1470 2418 bier
1497 2386 1561 2418 der

880 2432 1018 2463 Ansicbt
1068 2431 1241 2463 sabelnder
1279 2430 1551 2468 Natursorscher,

882 2477 959 2509 dass
1001 2476 1054 2508 die
1088 2476 1209 2508 Bienen
1247 2477 1330 2507 obne
1370 2476 1558 2516 Begattung·

882 2522 972 2553 ihre-
994 2521 1076 2552 Eier
1118 2532 1180 2552 von
1219 2521 1280 2552 den
1314 2520 1453 2552 Bliithen
1497 2521 1558 2552 der

882 2566 1018 2599 Blumen
1038 2566 1260 2598 einsanuneln.
1285 2584 1324 2590 —
1350 2578 1467 2608 seques,
1487 2575 1564 2597 we-
