1682 2979
193 177 243 215 76
674 181 708 212 P.
739 180 902 213 VlRGlLl
927 180 1122 214 MARONJS

111 300 168 331 215
191 284 319 323 Pestis
350 288 387 321 et
416 282 475 321 ira
506 282 622 320 deum
653 281 798 331 Stygiis
829 294 917 320 sese
948 281 1084 320 extulit
1114 282 1243 320 undis.

189 337 360 388 Virginei
390 337 593 376 volucrum
622 336 763 383 voltus,
793 336 1023 375 foedissima
1054 337 1199 376 ventris
1241 374 1245 377 c

188 392 404 439 Proluvies‚
437 403 640 442 uncaeque
671 403 822 438 manus,
853 398 891 431 et
921 391 1066 442 pallida
1096 403 1254 442 semper

191 449 269 488 Ora
300 449 417 487 same.

189 505 272 543 Huc
303 503 371 542 ubi
400 501 519 541 delati
550 507 687 552 portus
719 502 961 547 intravimus,
995 513 1086 541 ecee

110 570 168 602 220
188 560 306 598 Laeta
335 558 455 596 boum
485 557 635 607 passim
667 557 817 606 campis
849 563 1022 595 armenta
1053 556 1230 594 videmus

190 614 531 664 Caprigenumque
563 623 683 661 pecus
716 610 822 648 nullo
854 612 1017 649 custode
1047 612 1120 660 per
1149 610 1306 649 herbas.

189 670 386 708 Inruimus
418 667 535 711 ferro,
568 671 607 704 et
637 666 747 703 divos
779 665 989 715 ipsumque
1020 676 1204 702 vocamus

190 725 231 762 ln
263 729 414 774 partem
445 720 711 772 praedamque
743 720 894 766 Iovem3
927 728 1007 758 tum
1037 718 1154 757 litore
1185 730 1302 757 curvo

190 777 516 826 Exstruimnsque
546 782 655 814 toros
687 775 935 825 dapibusque
966 774 1172 825 epulamur
1203 773 1363 824 opimis,

110 847 169 878 225
189 836 237 873 At
267 833 418 872 subitae
450 831 636 870 horrifico
667 830 779 881 lapsu
811 831 858 869 de
890 829 1089 868 montibus
1121 829 1265 867 adsunt

189 888 382 938 Harpyiae
414 892 451 925 et
480 885 634 934 magnis
666 885 848 935 quatiunt
878 884 1130 934 clangoribus
1162 883 1256 929 alas,

191 943 467 994 Diripiuntque
498 941 619 991 dapes
651 947 913 990 contactuque
944 940 1075 978 omnia
1108 938 1270 977 foedant

189 998 404 1043 Inmundo·‚
437 1002 516 1035 tum
548 1009 620 1034 vox
652 1001 818 1034 taetrum
851 996 936 1034 dira
968 996 1071 1033 inter
1100 994 1276 1033 odorem.

190 1054 359 1092 Rursum
391 1053 431 1090 in
463 1063 625 1089 secessu
656 1051 771 1100 longo
805 1051 877 1089 sub
909 1063 1006 1100 rupe
1038 1055 1183 1093 cavata,

110 1121 169 1153 230
189 1107 404 1147 Arboribus
437 1106 559 1144 clausi
589 1106 737 1144 circum
768 1112 884 1155 atque
917 1105 1169 1143 horrentibus
1202 1104 1364 1149 umbris,

193 1163 427 1203 instruimus
458 1172 615 1200 mensas
647 1161 806 1210 arisque
838 1160 1068 1210 reponimus
1100 1159 1255 1209 ignem;

189 1220 357 1258 Rursum
391 1230 437 1255 ex
468 1216 624 1255 diverso
657 1215 755 1254 caeli
789 1216 998 1265 caecisque
1029 1213 1191 1253 latebris

189 1274 319 1314 Turba
353 1284 498 1312 sonans
529 1271 714 1322 praedam
746 1270 915 1321 pedibus
947 1269 1204 1309 circumvolat
1233 1269 1358 1313 uncis,

193 1330 339 1369 Polluit
370 1340 438 1367 ore
469 1328 605 1378 dapes.
667 1326 797 1365 Sociis
828 1333 932 1371 tunc,
965 1337 1072 1364 arma
1104 1330 1325 1375 capessant,

110 1399 169 1431 235
190 1385 332 1431 Edico,
366 1389 404 1422 et
434 1383 518 1421 dira
549 1381 692 1420 bellum
727 1392 813 1419 cum
846 1386 959 1431 gente
991 1380 1220 1430 gerendum.

189 1440 300 1479 Haud
333 1450 447 1478 secus
480 1450 524 1476 ac
555 1437 654 1476 iussi
686 1437 847 1482 faciunt,
880 1441 1085 1487 tectosque
1116 1447 1188 1486 per
1218 1435 1378 1474 herbam

192 1496 416 1545 Disponunt
448 1505 565 1531 enses
597 1499 634 1530 et
664 1499 773 1530 scuta
806 1492 968 1530 latentia
1001 1491 1188 1530 condunt.

191 1551 291 1600 Ergo
324 1549 390 1588 ubi
422 1548 610 1598 delapsae
641 1548 813 1586 sonitum
845 1559 916 1597 per
947 1559 1063 1586 curva
1095 1546 1240 1585 dedere

191 1606 336 1651 Litora,
369 1604 435 1642 dat
464 1604 619 1652 signum
652 1602 812 1652 specula
841 1602 1015 1640 Misenus
1048 1601 1094 1638 ab
1129 1601 1206 1639 alta

113 1674 172 1706 240
191 1664 290 1699 Aere
322 1671 430 1698 cavo.
490 1658 683 1696 Invadunt
713 1656 825 1701 socii,
859 1662 896 1694 et
927 1668 1025 1695 nova
1056 1655 1205 1706 proelia
1236 1658 1439 1705 temptant,

192 1716 397 1755 Obscenas
428 1713 557 1765 pelagi
589 1713 694 1751 ferro
726 1711 886 1750 foedare
917 1711 1110 1750 volucres.

192 1771 269 1810 Sed
302 1782 429 1820 neque
459 1768 536 1807 vim
566 1768 710 1819 plumis
742 1767 860 1806 ullam
892 1779 966 1806 nec
996 1766 1154 1814 volnera
1185 1770 1296 1815 tergo

191 1825 412 1876 Accipiunt,
445 1823 642 1874 celerique
675 1824 763 1873 fuga
795 1823 866 1861 sub
899 1823 1029 1861 sidera
1061 1821 1192 1872 lapsae

937 1994 996 2015 aus
1023 1985 1142 2015 Rasen.
1170 2002 1211 2006 —
1238 1985 1375 2023 magnis
1401 1982 1528 2023 elonga,
1555 1992 1612 2013 un·
1672 1993 1675 2017 j

938 2033 989 2059 ter
1014 2037 1161 2067 grassem
1178 2027 1347 2063 Geselirei,
1377 2026 1442 2066 vgl.
1465 2027 1556 2058 llom.
1572 2025 1608 2057 ll.

194 1988 253 2018 Die
277 1987 447 2018 lloreuden
467 1986 604 2016 ludu-ten
631 1985 699 2015 also
719 1995 780 2021 uin,
804 1986 867 2015 und

193 2031 329 2063 deslialb
370 2031 508 2062 wurden
558 2029 609 2060 die
657 2028 762 2059 lnseln
803 2040 866 2059 nun

194 2075 418 2118 Strophades,
432 2072 690 2108 ltmkeln-inseln,
709 2078 863 2112 gcnannt.

193 2137 235 2144 -
263 2129 440 2160 uncaeque
465 2128 575 2157 mma,
611 2113 862 2159 γαμψώνυχες.

237 2164 450 2196 samo-28.
486 2162 560 2201 Vgl.
585 2161 677 2192 Hom.
705 2160 762 2191 Od.
788 2161 861 2197 ΧΗ,

194 2209 259 2240 260
283 2217 331 2248 sq.
360 2226 403 2231 —
451 2206 548 2237 nullo
569 2209 652 2236 cust.
701 2204 762 2236 Dic
788 2205 865 2236 Rin-

194 2252 254 2282 der
295 2252 454 2291 gelffirten
497 2250 558 2280 den
593 2249 762 2291 Harpyien
802 2250 865 2281 und

193 2295 376 2332 weideten,
413 2294 478 2325 wie
513 2293 576 2325 alle
602 2293 695 2324 einer
719 2294 867 2325 Gottheit

194 2340 358 2379 geweihte
375 2339 537 2374 Heerdcn,
568 2338 650 2368 ohne
671 2337 795 2368 llirten.
826 2356 868 2361 —-

196 2394 265 2415 υοο.
293 2385 329 2414 in.
351 2386 506 2424 pat-lem,
539 2381 603 2421 vgl.
632 2381 705 2413 Liv.
734 2381 773 2418 Y,
803 2383 864 2414 21:

195 2427 355 2459 Veientes
380 2428 502 2467 ignari
579 2427 648 2457 iam
674 2427 709 2456 ln
730 2429 868 2467 par-lem

192 2471 347 2513 praedae
377 2481 461 2502 snae
494 2473 634 2502 voculas
668 2469 756 2501 cleos.
806 2469 867 2500 Ein

194 2515 290 2547 Tlieil
324 2516 383 2547 der
417 2515 520 2546 Bente
553 2514 669 2546 wnrde
695 2519 777 2545 stets
803 2513 863 2544 den

196 2560 333 2591 Giiuern
360 2559 516 2599 geweilit.
547 2578 586 2583 --
631 2561 736 2589 emslr.
763 2561 866 2597 toros,

939 2071 962 2102 ll
1024 2074 1051 2102 “.

969 2072 1193 2149 l2:3229-37.
1229 2117 1302 2147 aris
1327 2126 1397 2157 rep.
1426 2117 1509 2156 Igu„
1528 2125 1555 2146 s.
1577 2125 1608 2145 v.

938 2161 1013 2193 223.
1037 2180 1077 2184 —
1107 2164 1212 2191 leclos
1237 2160 1301 2191 nnd
1327 2160 1473 2191 latentia
1495 2159 1611 2190 stchen

936 2204 1147 2246 proleptiscb.

985 2259 1015 2279 v.
1039 2249 1205 2280 238—46.
1239 2258 1329 2278 nora
1351 2247 1501 2288 proelia,
1528 2238 1615 2278 deun
1670 2262 1672 2276 ι

936 2293 994 2324 init
1018 2292 1144 2331 &tigeln
1178 2293 1288 2323 hatten
1326 2291 1374 2322 sie
1408 2292 1489 2322 noch
1523 2291 1613 2322 nicht

936 2336 1115 2378 gckiinipl't.
1167 2335 1234 2367 Der
1272 2335 1424 2374 fulgenda
1450 2335 1510 2366 Ins.
1537 2334 1612 2374 soe-

937 2381 1022 2412 dare
1055 2381 1097 2411 ist
1128 2380 1177 2411 als
1214 2379 1406 2421 Apposition
1439 2390 1480 2411 zu
1517 2389 1609 2411 ηουιι
1665 2369 1670 2412 l

933 2425 1072 2466 proelia
1086 2424 1309 2464 hinzugefiigt,
1326 2423 1390 2463 vgl.
1406 2423 1444 2456 G.
1459 2423 1514 2460 lV,
1530 2425 1605 2456 556.

936 2487 978 2493 —
1004 2470 1091 2500 obse.
1120 2468 1204 2507 vok,
1239 2468 1298 2499 das
1325 2468 1608 2508 Greuelgeziiclit;
1635 2471 1642 2479 ·
1666 2491 1671 2499 Δ.

933 2513 1064 2553 pelagi,
1090 2512 1167 2543 weil
1193 2513 1244 2543 ‹lie
1271 2513 1438 2555 llarpyieu
1464 2512 1531 2544 sich
1555 2511 1640 2542 aus'

936 2557 1029 2587 einer
1071 2555 1152 2587 luscl
1184 2556 1377 2589 ausliiclten.
1419 2575 1462 2581 —
1511 2556 1616 2593 senze&

1661 2589 1666 2627 j
