1682 2979
583 147 803 182 AENfflDos
824 148 906 181 ΗΒ.
926 148 1004 182 ΧΙΙ.

1416 147 1495 186 219

108 259 364 313 Praecipitem
386 260 544 313 scopulo
566 268 679 314 atque
699 260 869 313 ingentis
890 259 1044 300 turbine
1067 263 1152 300 saxi

108 316 282 364 Excutit,
308 316 544 370 effunditque
565 318 673 367 solo,
709 318 809 358 hunc
831 318 914 356 lora
936 322 974 355 et
994 315 1082 369 iuga
1103 317 1238 357 subter

106 371 345 412 Provolvere
371 379 507 422 rotae3
540 373 675 413 crebro
697 386 814 425 super
835 371 975 425 ungula
1000 373 1111 424 pulsu

107 427 225 468 Incita
246 441 317 468 nec
339 428 483 468 domini
504 442 716 478 memorum
741 428 938 480 proculcat
960 442 1162 480 equorum.

107 483 175 523 Ille
197 485 322 525 ruenti
345 484 458 538 Hyllo
479 484 697 537 animisque
717 484 872 524 inmane
894 485 1073 524 frementi

107 540 300 590 Occurrit,
326 540 520 592 telumque
542 542 745 581 aurataad
766 547 940 594 tempora
963 547 1138 594 torquet:

108 596 181 636 Olli
202 609 270 649 per
289 596 437 648 galeam
459 596 539 636 fixo
561 597 668 637 stetit
689 597 796 637 hasta
820 597 996 636 cerebro.

107 652 280 692 Dextera
301 666 373 692 nec
393 660 457 693 tua
480 660 533 702 te,
560 653 719 693 Graium
741 654 967 702 fortissime,
993 653 1177 702 Cretheu,

104 707 255 761 Eripuit
275 708 434 760 Turno3
468 723 540 749 nec
562 711 598 750 di
620 718 757 750 texere
779 710 1018 763 Cupencum,

102 763 237 805 Aenea
259 765 457 814 veniente,
482 767 566 816 sui3
600 767 704 806 dedit
731 767 846 807 obvia
868 768 972 807 ferro

104 820 283 871 Pectora,
309 835 380 862 nec
399 823 543 863 misero
565 823 678 877 clipei
701 838 807 864 mora
831 823 973 876 profuit
993 823 1114 863 aerei.

104 876 160 915 Te
182 892 332 930 quoque
353 879 572 920 Laurentes
594 880 789 929 viderunt,
814 881 951 929 Aeole,
975 878 1100 932 campi

105 931 295 987 Oppetere
317 942 356 974 et
377 935 452 975 late
474 943 616 976 terram
639 944 893 977 consternere
921 944 1057 990 terg03

105 988 274 1039 Occidis,
297 990 470 1045 Argivae
493 1007 603 1045 quem
627 1006 704 1033 non
728 1001 886 1047 potuere
909 992 1117 1047 phalanges

103 1045 306 1096 Sternere,
331 1061 402 1087 nec
424 1048 567 1088 Priami
589 1063 800 1102 regnorum
823 1063 986 1090 eversor
1005 1047 1204 1096 Achille53

103 1101 173 1142 Hie
197 1103 264 1142 tihi
287 1105 422 1145 mortis
445 1113 557 1145 erant
577 1115 718 1154 metae,
751 1107 885 1146 domus
907 1107 982 1146 alta
1005 1105 1076 1145 sub
1100 1103 1176 1152 lda,

100 1159 271 1214 Lyrnesi
294 1162 429 1202 domus
451 1163 542 1210 alta,
568 1164 651 1203 solo
672 1163 870 1202 Laurente
892 1162 1155 1216 sepulchrum.

101 1217 226 1256 Totae
247 1217 344 1257 adeo
368 1232 584 1258 conversae
606 1220 723 1268 acies,
758 1231 970 1270 omnesque
990 1217 1137 1264 Latini,

104 1271 247 1314 Omnes
267 1273 524 1323 Dardanidae,
548 1275 791 1322 Mnestheus,
817 1288 982 1326 acerque
1005 1273 1202 1321 Serestus,

100 1329 152 1368 Et
171 1330 374 1384 Messapus
397 1344 534 1383 equum
556 1331 738 1380 domitor,
766 1337 806 1370 et
826 1331 937 1370 fortis
958 1328 1104 1379 Asilas,

101 1385 395 1439 Tuscorumque
415 1387 599 1440 phalanx,
623 1387 872 1440 Euandrique
894 1387 1066 1427 Arcades
1088 1385 1188 1433 alae,

100 1441 176 1481 Pro
198 1456 240 1482 se
261 1443 422 1496 quisque
443 1443 518 1484 viri
539 1458 688 1484 summa
711 1444 888 1484 nituntur
910 1457 1021 1496 opum
1044 1442 1109 1492 vig

99 1497 180 1538 Nec
202 1513 326 1548 mora,
351 1513 423 1539 nec
444 1500 624 1552 requies,
656 1507 768 1541 vasto
790 1500 1000 1541 certamine
1022 1498 1199 1539 tendunt.

100 1622 230 1654 vosque
253 1613 366 1653 refers
392 1617 427 1645 et
453 1615 597 1645 nomina
615 1623 758 1655 magna.

98 1676 144 1680 -—
158 1668 222 1698 per
239 1668 312 1698 reg.
335 1662 405 1689 aet.
423 1669 505 1700 gen.
521 1670 551 1690 υ.
566 1659 664 1699 Lat„
688 1659 760 1690 sein

100 1702 327 1740 Gcschlecht‚
359 1704 418 1734 das
447 1704 552 1735 durch
580 1704 761 1736 latinische

101 1746 232 1789 Konige
252 1749 417 1780 hindurch
437 1760 610 1790 gegangeu
638 1751 696 1789 ist,
726 1750 758 1780 d.

100 1794 131 1824 h.
155 1794 221 1825 alle
241 1795 334 1825 scine
354 1794 544 1826 Vorfahren
572 1805 686 1827 waren
714 1795 763 1826 la-

100 1839 247 1870 tinisehe
267 1838 396 1879 Ronige
416 1851 589 1880 gewesen.
609 1859 650 1863 —
670 1841 762 1872 hunc

99 1884 177 1915 lora
205 1887 241 1916 et
257 1887 282 1916 i.
301 1895 330 1916 s.
347 1895 450 1926 prov.
470 1889 554 1926 rot„
587 1886 618 1917 d.
640 1887 672 1917 h.
702 1886 763 1916 der

99 1929 230 1969 Wagen
260 1929 394 1971 (rotae,
428 1931 495 1971 vgl.
525 1930 565 1963 G.
595 1930 651 1969 ΙΙΙ,
684 1930 761 1971 114)

100 1975 202 2006 rollte
231 1975 286 2006 ihn
317 1974 386 2006 fort
411 1981 512 2006 unter
541 1977 594 2007 die
621 1975 759 2007 Riemen

99 2019 178 2061 (mit
203 2020 309 2052 denen
340 2021 394 2051 die
422 2020 544 2052 Pferde
579 2031 628 2052 ain
655 2021 759 2052 soche

98 2064 265 2105 befestigt
300 2071 429 2107 waren)
461 2067 527 2098 und
564 2072 665 2098 unter
698 2066 759 2097 das

97 2109 193 2142 Joch.
244 2109 420 2142 Natiirlich
456 2112 582 2143 konnte
609 2113 669 2143 das
698 2121 762 2142 nur

99 2155 314 2196 geschehen,
357 2166 454 2187 wenn
497 2167 535 2188 er
568 2157 639 2188 sich
674 2156 759 2188 beim

100 2200 323 2232 Herabfallen
358 2211 430 2232 vom
465 2200 597 2242 Wagen
632 2202 664 2233 in
707 2203 759 2234 die

98 2244 206 2287 Ziigel
220 2246 403 2278 verstrickt
423 2247 529 2278 hatte.
541 2266 586 2270 —
603 2247 672 2279 Der
682 2247 757 2279 Abl.

99 2293 219 2323 erebro
242 2293 351 2333 pulsu
376 2292 421 2323 ist
439 2293 498 2324 mit
513 2293 702 2334 proculcat
718 2304 759 2324 zu

98 2337 296 2368 verbinden.
323 2355 361 2360 —-
381 2348 444 2369 nec
460 2338 551 2370 dom.
589 2349 651 2369 nec
670 2339 760 2370 steht

100 2382 132 2413 in
159 2382 220 2413 der
246 2383 327 2414 Bed.
353 2383 433 2414 und
458 2393 574 2415 zwar
610 2385 757 2422 nieht,

101 2427 188 2458 deun
216 2428 274 2458 der
293 2428 371 2459 Siun
398 2429 464 2460 ist:
494 2430 553 2461 der
578 2429 758 2470 bessiigelte

102 2471 174 2503 Huf
203 2472 263 2503 der
296 2473 423 2514 Rosse,
465 2475 529 2506 und
567 2485 659 2506 zwar
700 2475 760 2506 der

102 2516 228 2556 Rosse,
266 2518 320 2549 die
353 2519 451 2551 ihren
478 2521 621 2561 eigenen
648 2520 757 2552 Herru

99 2572 301 2605 vergesseu.

876 1625 908 1645 v.
922 1613 1090 1645 535—53.
1112 1611 1252 1645 aen-,ad
1265 1615 1370 1653 temp.
1393 1611 1492 1644 Scine

832 1659 994 1691 Schliifeu
1014 1669 1127 1690 waren
1148 1658 1219 1690 also
1238 1668 1301 1688 von
1322 1658 1418 1689 einer
1430 1668 1494 1698 gu-

833 1705 887 1736 lea
915 1715 1023 1736 aures]
1051 1704 1095 1744 (s.
1116 1705 1156 1735 A.
1178 1703 1237 1742 lx,
1258 1703 1315 1742 50)
1335 1703 1490 1734 bedeckt.

831 1768 872 1773 ·—
893 1761 955 1781 nee
972 1750 1012 1782 dv·
1028 1755 1104 1781 tex.
1143 1748 1301 1780 Servius:
1333 1751 1385 1779 z'ta
1404 1759 1492 1780 eom-

826 1800 941 1837 parat
956 1797 1109 1828 Aeneam
1132 1794 1264 1833 Turno,
1284 1796 1325 1824 ut
1342 1804 1417 1825 eum
1437 1804 1494 1825 su-

828 1845 1003 1883 periorem.
1038 1851 1111 1871 esse
1152 1841 1344 1881 Significet.
1400 1839 1494 1871 Nam

831 1897 929 1928 quem
946 1886 1083 1918 Turnus
1100 1887 1294 1925 interemit,
1306 1885 1492 1926 fortitudo

831 1942 895 1963 sua
925 1932 1078 1964 lt'berare
1096 1941 1162 1962 non
1179 1932 1322 1972 potnit‚·
1347 1933 1381 1961 ei
1397 1941 1489 1970 vero,

831 1987 930 2018 quem
951 1977 1082 2008 oceidit
1098 1977 1246 2015 Aeneas,
1275 1986 1317 2006 ne
1334 1986 1398 2006 sua
1417 1978 1494 2018 qui—

830 2022 904 2053 dem
931 2025 1077 2053 numina
1101 2021 1268 2062 prodesse
1282 2023 1491 2062 potuerant.

828 2084 873 2090 —-
895 2068 983 2108 Cup.
1029 2067 1190 2098 Servius:
1211 2065 1406 2106 sciendum,
1429 2066 1493 2098 Cu-

824 2123 975 2154 pencum
997 2112 1214 2144 Sabinorum
1233 2112 1364 2152 lingua.
1377 2122 1493 2143 sacer—

830 2169 948 2201 dotem
973 2171 1106 2200 voc-ari.
1135 2187 1177 2192 —
1203 2171 1316 2205 aerei,
1344 2179 1371 2200 s.
1398 2167 1489 2200 Einl.

829 2225 861 2256 p.
882 2214 956 2246 Vll.
987 2232 1027 2237 —
1057 2216 1121 2246 lat.
1151 2217 1177 2246 t.
1206 2218 1319 2246 const.
1349 2217 1389 2253 t„
1420 2214 1489 2254 vgl.

829 2260 925 2292 Hom.
947 2259 986 2291 ΙΙ.
1009 2259 1081 2299 vn,
1105 2260 1179 2291 156.
1200 2277 1244 2282 —
1261 2263 1369 2291 mort.
1388 2263 1489 2299 met„

827 2307 895 2345 vgl.
926 2305 1020 2336 Hom.
1049 2305 1087 2336 ll.
1111 2304 1168 2345 ΙΙΙ,
1190 2304 1264 2336 309.
1290 2322 1334 2328 -
1358 2305 1488 2347 Lyrn„

829 2362 858 2383 s.
884 2362 915 2382 z.
935 2351 974 2381 A.
996 2350 1040 2385 X,
1065 2350 1140 2381 128.
1167 2369 1208 2373 —
1235 2360 1346 2389 conv„
1374 2350 1491 2381 wand-

828 2401 883 2428 ten
898 2397 967 2427 sich
981 2397 1256 2436 gegeneinander
1267 2406 1340 2427 zum
1355 2394 1487 2437 Rumpf.

827 2460 873 2465 —
891 2452 984 2473 omn.
1004 2441 1102 2479 Lat„
1123 2452 1229 2477 omn„
1252 2452 1279 2472 s.
1301 2452 1331 2474 z.
1354 2445 1391 2473 A.
1414 2440 1485 2481 Vll,

830 2488 884 2519 75.
907 2505 947 2510 —-
967 2484 1135 2527 domitor,
1159 2498 1186 2518 s.
1207 2486 1296 2518 Einl.
1319 2498 1348 2528 p.
1368 2485 1441 2518 Vll.

875 2543 907 2563 v.
930 2533 1115 2563 554—73.
1160 2532 1254 2564 Ganz
1282 2532 1313 2563 in
1344 2533 1488 2564 homeri—

831 2579 931 2610 soher
965 2577 1081 2610 Weise
1113 2578 1264 2610 schreibt
1291 2577 1384 2617 Virg.
1424 2578 1485 2610 den

1516 492 1579 523 535

1515 774 1579 805 540

1515 1056 1577 1087 545

1515 1338 1578 1369 550
