<?xml version="1.0" encoding="UTF-8"?>
<!DOCTYPE html PUBLIC "-//W3C//DTD XHTML 1.0 Transitional//EN"
    "http://www.w3.org/TR/xhtml1/DTD/xhtml1-transitional.dtd">
<html xmlns="http://www.w3.org/1999/xhtml" xml:lang="en" lang="en">
 <head>
  <title>
</title>
<meta http-equiv="Content-Type" content="text/html;charset=utf-8" />
  <meta name='ocr-system' content='tesseract 3.04.00' />
  <meta name='ocr-capabilities' content='ocr_page ocr_carea ocr_par ocr_line ocrx_word'/>
</head>
<body>
  <div class='ocr_page' id='page_1' title='image "./gedichte00virguoft_0434.png"; bbox 0 0 1682 2979; ppageno 0'>
   <div class='ocr_carea' id='block_1_1' title="bbox 186 124 1098 172">
    <p class='ocr_par' dir='ltr' id='par_1_1' title="bbox 186 124 1098 172">
     <span class='ocr_line' id='line_1_1' title="bbox 186 124 1098 172; baseline 0 -9"><span class='ocrx_word' id='word_1_1' title='bbox 186 131 240 169; x_wconf 88' lang='lat'>42</span> <span class='ocrx_word' id='word_1_2' title='bbox 412 124 414 126; x_wconf 43' lang='lat'>¹</span> <span class='ocrx_word' id='word_1_3' title='bbox 667 129 701 172; x_wconf 96' lang='grc' dir='ltr'>Ρ.</span> <span class='ocrx_word' id='word_1_4' title='bbox 723 129 886 162; x_wconf 84' lang='lat' dir='ltr'>VIRGlLl</span> <span class='ocrx_word' id='word_1_5' title='bbox 907 129 1098 163; x_wconf 79' lang='lat' dir='ltr'><strong>MARONIS</strong></span> 
     </span>
    </p>
   </div>
   <div class='ocr_carea' id='block_1_2' title="bbox 180 238 1184 460">
    <p class='ocr_par' dir='ltr' id='par_1_2' title="bbox 180 238 1184 460">
     <span class='ocr_line' id='line_1_2' title="bbox 191 238 1161 291; baseline 0.001 -11"><span class='ocrx_word' id='word_1_6' title='bbox 191 240 287 280; x_wconf 89' lang='lat' dir='ltr'>Huic</span> <span class='ocrx_word' id='word_1_7' title='bbox 309 240 401 278; x_wconf 89' lang='lat' dir='ltr'>deus</span> <span class='ocrx_word' id='word_1_8' title='bbox 425 239 506 291; x_wconf 88' lang='lat' dir='ltr'>ipse</span> <span class='ocrx_word' id='word_1_9' title='bbox 529 238 603 277; x_wconf 92' lang='lat' dir='ltr'>loci</span> <span class='ocrx_word' id='word_1_10' title='bbox 628 238 745 278; x_wconf 88' lang='lat' dir='ltr'>fluvio</span> <span class='ocrx_word' id='word_1_11' title='bbox 767 239 975 280; x_wconf 89' lang='lat' dir='ltr'>Tiberinus</span> <span class='ocrx_word' id='word_1_12' title='bbox 997 254 1161 281; x_wconf 85' lang='lat' dir='ltr'>amoeno</span> 
     </span>
     <span class='ocr_line' id='line_1_3' title="bbox 184 293 1099 348; baseline 0.002 -13"><span class='ocrx_word' id='word_1_13' title='bbox 184 295 374 348; x_wconf 78' lang='lat' dir='ltr'>Populeas</span> <span class='ocrx_word' id='word_1_14' title='bbox 395 293 501 332; x_wconf 83' lang='lat' dir='ltr'>inter</span> <span class='ocrx_word' id='word_1_15' title='bbox 521 294 656 334; x_wconf 89' lang='lat' dir='ltr'>senior</span> <span class='ocrx_word' id='word_1_16' title='bbox 677 307 719 335; x_wconf 89' lang='lat' dir='ltr'>se</span> <span class='ocrx_word' id='word_1_17' title='bbox 741 296 920 335; x_wconf 75' lang='lat' dir='ltr'>attollere</span> <span class='ocrx_word' id='word_1_18' title='bbox 942 296 1099 338; x_wconf 77' lang='lat' dir='ltr'>frondes</span> 
     </span>
     <span class='ocr_line' id='line_1_4' title="bbox 180 350 1084 402; baseline 0.002 -13"><span class='ocrx_word' id='word_1_19' title='bbox 180 351 323 399; x_wconf 68' lang='lat' dir='ltr'>Visusg</span> <span class='ocrx_word' id='word_1_20' title='bbox 349 363 435 388; x_wconf 90' lang='lat' dir='ltr'>eum</span> <span class='ocrx_word' id='word_1_21' title='bbox 458 350 585 390; x_wconf 91' lang='lat' dir='ltr'>tenuis</span> <span class='ocrx_word' id='word_1_22' title='bbox 607 350 742 402; x_wconf 80' lang='lat' dir='ltr'>glauco</span> <span class='ocrx_word' id='word_1_23' title='bbox 765 351 919 391; x_wconf 78' lang='lat' dir='ltr'>velabat</span> <span class='ocrx_word' id='word_1_24' title='bbox 942 352 1084 392; x_wconf 87' lang='lat' dir='ltr'>amictu</span> 
     </span>
     <span class='ocr_line' id='line_1_5' title="bbox 185 405 1184 460; baseline 0.003 -15"><span class='ocrx_word' id='word_1_25' title='bbox 185 405 380 446; x_wconf 82' lang='lat' dir='ltr'>Carbasus</span> <span class='ocrx_word' id='word_1_26' title='bbox 394 436 403 454; x_wconf 89' lang='lat'>‚</span> <span class='ocrx_word' id='word_1_27' title='bbox 430 412 468 444; x_wconf 90' lang='lat' dir='ltr'>et</span> <span class='ocrx_word' id='word_1_28' title='bbox 489 405 608 445; x_wconf 88' lang='lat' dir='ltr'>crinis</span> <span class='ocrx_word' id='word_1_29' title='bbox 632 406 812 446; x_wconf 80' lang='lat' dir='ltr'>umbrosa</span> <span class='ocrx_word' id='word_1_30' title='bbox 835 407 991 460; x_wconf 77' lang='lat' dir='ltr'>tegebat</span> <span class='ocrx_word' id='word_1_31' title='bbox 1012 408 1184 457; x_wconf 81' lang='lat' dir='ltr'>arundo3</span> 
     </span>
    </p>
   </div>
   <div class='ocr_carea' id='block_1_3' title="bbox 119 461 1122 503">
    <p class='ocr_par' dir='ltr' id='par_1_3' title="bbox 119 461 1122 503">
     <span class='ocr_line' id='line_1_6' title="bbox 119 461 1122 503; baseline 0.002 -3"><span class='ocrx_word' id='word_1_32' title='bbox 119 468 160 500; x_wconf 86' lang='lat'>35</span> <span class='ocrx_word' id='word_1_33' title='bbox 183 462 280 501; x_wconf 91' lang='lat' dir='ltr'>Tum</span> <span class='ocrx_word' id='word_1_34' title='bbox 303 461 360 500; x_wconf 88' lang='lat' dir='ltr'>sic</span> <span class='ocrx_word' id='word_1_35' title='bbox 382 461 505 500; x_wconf 79' lang='lat' dir='ltr'>adfari</span> <span class='ocrx_word' id='word_1_36' title='bbox 528 468 565 500; x_wconf 84' lang='lat' dir='ltr'>et</span> <span class='ocrx_word' id='word_1_37' title='bbox 586 475 699 501; x_wconf 87' lang='lat' dir='ltr'>curas</span> <span class='ocrx_word' id='word_1_38' title='bbox 721 462 780 501; x_wconf 83' lang='lat' dir='ltr'>his</span> <span class='ocrx_word' id='word_1_39' title='bbox 803 463 959 503; x_wconf 91' lang='lat' dir='ltr'>demere</span> <span class='ocrx_word' id='word_1_40' title='bbox 981 464 1095 503; x_wconf 86' lang='lat' dir='ltr'>dictis</span> <span class='ocrx_word' id='word_1_41' title='bbox 1114 480 1122 502; x_wconf 75' lang='grc' dir='ltr'><strong>ε</strong></span> 
     </span>
    </p>
   </div>
   <div class='ocr_carea' id='block_1_4' title="bbox 180 516 1403 732">
    <p class='ocr_par' dir='ltr' id='par_1_4' title="bbox 180 516 1403 732">
     <span class='ocr_line' id='line_1_7' title="bbox 299 516 1403 569; baseline 0.002 -14"><span class='ocrx_word' id='word_1_42' title='bbox 299 516 328 555; x_wconf 90' lang='grc' dir='ltr'>Ο</span> <span class='ocrx_word' id='word_1_43' title='bbox 352 523 436 555; x_wconf 83' lang='lat' dir='ltr'>sate</span> <span class='ocrx_word' id='word_1_44' title='bbox 458 523 575 569; x_wconf 83' lang='lat' dir='ltr'>gente</span> <span class='ocrx_word' id='word_1_45' title='bbox 597 517 710 556; x_wconf 89' lang='lat' dir='ltr'>deum</span> <span class='ocrx_word' id='word_1_46' title='bbox 726 548 736 565; x_wconf 91' lang='lat'>‚</span> <span class='ocrx_word' id='word_1_47' title='bbox 761 518 972 557; x_wconf 83' lang='lat' dir='ltr'>Troianam</span> <span class='ocrx_word' id='word_1_48' title='bbox 995 532 1047 558; x_wconf 84' lang='lat' dir='ltr'>ex</span> <span class='ocrx_word' id='word_1_49' title='bbox 1071 518 1246 559; x_wconf 85' lang='lat' dir='ltr'><strong>hostibus</strong></span> <span class='ocrx_word' id='word_1_50' title='bbox 1269 518 1403 558; x_wconf 88' lang='lat' dir='ltr'>urbem</span> 
     </span>
     <span class='ocr_line' id='line_1_8' title="bbox 185 571 1219 625; baseline 0.002 -14"><span class='ocrx_word' id='word_1_51' title='bbox 185 572 257 622; x_wconf 81' lang='lat' dir='ltr'>Qui</span> <span class='ocrx_word' id='word_1_52' title='bbox 281 571 436 611; x_wconf 79' lang='lat' dir='ltr'><strong>revehis</strong></span> <span class='ocrx_word' id='word_1_53' title='bbox 459 572 570 611; x_wconf 87' lang='lat' dir='ltr'>nobis</span> <span class='ocrx_word' id='word_1_54' title='bbox 592 579 830 624; x_wconf 80' lang='lat' dir='ltr'>aeternaque</span> <span class='ocrx_word' id='word_1_55' title='bbox 852 573 1042 625; x_wconf 83' lang='lat' dir='ltr'>Pergama</span> <span class='ocrx_word' id='word_1_56' title='bbox 1065 587 1219 622; x_wconf 82' lang='lat' dir='ltr'>servas,</span> 
     </span>
     <span class='ocr_line' id='line_1_9' title="bbox 180 627 1125 680; baseline 0.001 -13"><span class='ocrx_word' id='word_1_57' title='bbox 180 628 417 680; x_wconf 76' lang='lat' dir='ltr'>Exspectate</span> <span class='ocrx_word' id='word_1_58' title='bbox 439 627 523 667; x_wconf 94' lang='lat' dir='ltr'>solo</span> <span class='ocrx_word' id='word_1_59' title='bbox 546 627 735 666; x_wconf 80' lang='lat' dir='ltr'>Laurenti</span> <span class='ocrx_word' id='word_1_60' title='bbox 758 628 941 679; x_wconf 80' lang='lat' dir='ltr'>arvisque</span> <span class='ocrx_word' id='word_1_61' title='bbox 958 629 1125 676; x_wconf 82' lang='lat' dir='ltr'>Latinis,</span> 
     </span>
     <span class='ocr_line' id='line_1_10' title="bbox 180 682 1286 732; baseline 0.002 -10"><span class='ocrx_word' id='word_1_62' title='bbox 180 683 250 722; x_wconf 79' lang='lat' dir='ltr'>Hie</span> <span class='ocrx_word' id='word_1_63' title='bbox 273 683 339 722; x_wconf 86' lang='lat' dir='ltr'>tibi</span> <span class='ocrx_word' id='word_1_64' title='bbox 365 689 470 721; x_wconf 77' lang='lat' dir='ltr'>certa</span> <span class='ocrx_word' id='word_1_65' title='bbox 495 682 631 722; x_wconf 89' lang='lat' dir='ltr'>domus</span> <span class='ocrx_word' id='word_1_66' title='bbox 648 713 657 730; x_wconf 83' lang='grc'>,</span> <span class='ocrx_word' id='word_1_67' title='bbox 683 684 803 731; x_wconf 83' lang='lat' dir='ltr'>certi,</span> <span class='ocrx_word' id='word_1_68' title='bbox 831 696 878 721; x_wconf 87' lang='lat' dir='ltr'>ne</span> <span class='ocrx_word' id='word_1_69' title='bbox 900 683 1069 731; x_wconf 85' lang='lat' dir='ltr'>absiste,</span> <span class='ocrx_word' id='word_1_70' title='bbox 1095 684 1286 732; x_wconf 79' lang='lat' dir='ltr'>Penates3</span> 
     </span>
    </p>
   </div>
   <div class='ocr_carea' id='block_1_5' title="bbox 182 794 573 834">
    <p class='ocr_par' dir='ltr' id='par_1_5' title="bbox 182 794 573 834">
     <span class='ocr_line' id='line_1_11' title="bbox 182 794 573 834; baseline -0.003 -1"><span class='ocrx_word' id='word_1_71' title='bbox 182 794 423 834; x_wconf 77' lang='lat' dir='ltr'><strong>Concessere</strong></span> <span class='ocrx_word' id='word_1_72' title='bbox 446 795 573 833; x_wconf 87' lang='lat' dir='ltr'>deum.</span> 
     </span>
    </p>
   </div>
   <div class='ocr_carea' id='block_1_6' title="bbox 114 738 1183 787">
    <p class='ocr_par' dir='ltr' id='par_1_6' title="bbox 114 738 1183 787">
     <span class='ocr_line' id='line_1_12' title="bbox 114 738 1183 787; baseline 0.001 -10"><span class='ocrx_word' id='word_1_73' title='bbox 114 747 157 777; x_wconf 84' lang='grc'>40</span> <span class='ocrx_word' id='word_1_74' title='bbox 177 738 264 778; x_wconf 90' lang='lat' dir='ltr'>Neu</span> <span class='ocrx_word' id='word_1_75' title='bbox 286 738 376 777; x_wconf 91' lang='lat' dir='ltr'>belli</span> <span class='ocrx_word' id='word_1_76' title='bbox 401 745 553 778; x_wconf 87' lang='lat' dir='ltr'>terrere</span> <span class='ocrx_word' id='word_1_77' title='bbox 576 739 716 787; x_wconf 79' lang='lat' dir='ltr'>minis3</span> <span class='ocrx_word' id='word_1_78' title='bbox 742 746 871 778; x_wconf 90' lang='lat' dir='ltr'>tumor</span> <span class='ocrx_word' id='word_1_79' title='bbox 893 740 1018 779; x_wconf 90' lang='lat' dir='ltr'>omnis</span> <span class='ocrx_word' id='word_1_80' title='bbox 1042 746 1079 778; x_wconf 87' lang='lat' dir='ltr'>et</span> <span class='ocrx_word' id='word_1_81' title='bbox 1101 739 1183 778; x_wconf 83' lang='lat' dir='ltr'>irae</span> 
     </span>
    </p>
   </div>
   <div class='ocr_carea' id='block_1_7' title="bbox 177 849 1285 1014">
    <p class='ocr_par' dir='ltr' id='par_1_7' title="bbox 177 849 1285 1014">
     <span class='ocr_line' id='line_1_13' title="bbox 179 849 1285 902; baseline 0 -14"><span class='ocrx_word' id='word_1_82' title='bbox 179 849 335 901; x_wconf 84' lang='lat' dir='ltr'>Iamque</span> <span class='ocrx_word' id='word_1_83' title='bbox 358 849 450 897; x_wconf 81' lang='lat' dir='ltr'>tibi,</span> <span class='ocrx_word' id='word_1_84' title='bbox 477 862 525 888; x_wconf 90' lang='lat' dir='ltr'>ne</span> <span class='ocrx_word' id='word_1_85' title='bbox 549 863 648 889; x_wconf 80' lang='lat' dir='ltr'>vana</span> <span class='ocrx_word' id='word_1_86' title='bbox 672 856 781 902; x_wconf 89' lang='lat' dir='ltr'>putes</span> <span class='ocrx_word' id='word_1_87' title='bbox 805 850 899 889; x_wconf 79' lang='lat' dir='ltr'>haec</span> <span class='ocrx_word' id='word_1_88' title='bbox 921 850 1067 902; x_wconf 86' lang='lat' dir='ltr'>fingere</span> <span class='ocrx_word' id='word_1_89' title='bbox 1090 864 1285 898; x_wconf 84' lang='lat' dir='ltr'>somnum,</span> 
     </span>
     <span class='ocr_line' id='line_1_14' title="bbox 177 905 1063 959; baseline 0.001 -15"><span class='ocrx_word' id='word_1_90' title='bbox 177 905 349 945; x_wconf 82' lang='lat' dir='ltr'>Litorcis</span> <span class='ocrx_word' id='word_1_91' title='bbox 371 905 511 959; x_wconf 84' lang='lat' dir='ltr'>ingens</span> <span class='ocrx_word' id='word_1_92' title='bbox 534 905 692 945; x_wconf 79' lang='lat' dir='ltr'>inventa</span> <span class='ocrx_word' id='word_1_93' title='bbox 714 906 785 945; x_wconf 91' lang='lat' dir='ltr'>sub</span> <span class='ocrx_word' id='word_1_94' title='bbox 807 905 959 946; x_wconf 84' lang='lat' dir='ltr'>ilicibus</span> <span class='ocrx_word' id='word_1_95' title='bbox 982 919 1063 953; x_wconf 89' lang='lat' dir='ltr'>sus,</span> 
     </span>
     <span class='ocr_line' id='line_1_15' title="bbox 177 960 1018 1014; baseline -0.001 -14"><span class='ocrx_word' id='word_1_96' title='bbox 177 961 356 1014; x_wconf 77' lang='lat' dir='ltr'>Triginta</span> <span class='ocrx_word' id='word_1_97' title='bbox 380 960 548 1014; x_wconf 84' lang='lat' dir='ltr'>capitum</span> <span class='ocrx_word' id='word_1_98' title='bbox 575 962 673 1001; x_wconf 80' lang='lat' dir='ltr'>l&#39;etus</span> <span class='ocrx_word' id='word_1_99' title='bbox 696 962 835 1009; x_wconf 80' lang='lat' dir='ltr'>enixa,</span> <span class='ocrx_word' id='word_1_100' title='bbox 861 961 1018 1010; x_wconf 80' lang='lat' dir='ltr'>iacebit,</span> 
     </span>
    </p>
   </div>
   <div class='ocr_carea' id='block_1_8' title="bbox 111 1016 1178 1065">
    <p class='ocr_par' dir='ltr' id='par_1_8' title="bbox 111 1016 1178 1065">
     <span class='ocr_line' id='line_1_16' title="bbox 111 1016 1178 1065; baseline 0 -11"><span class='ocrx_word' id='word_1_101' title='bbox 111 1024 152 1054; x_wconf 80' lang='lat'>45</span> <span class='ocrx_word' id='word_1_102' title='bbox 175 1016 273 1055; x_wconf 74' lang='lat' dir='ltr'>Alba</span> <span class='ocrx_word' id='word_1_103' title='bbox 289 1047 298 1065; x_wconf 82' lang='lat'>,</span> <span class='ocrx_word' id='word_1_104' title='bbox 323 1017 406 1056; x_wconf 92' lang='lat' dir='ltr'>solo</span> <span class='ocrx_word' id='word_1_105' title='bbox 430 1017 623 1056; x_wconf 81' lang='lat' dir='ltr'><strong>recubans</strong></span> <span class='ocrx_word' id='word_1_106' title='bbox 639 1047 648 1064; x_wconf 84' lang='lat'>‚</span> <span class='ocrx_word' id='word_1_107' title='bbox 673 1017 747 1055; x_wconf 79' lang='lat' dir='ltr'>albi</span> <span class='ocrx_word' id='word_1_108' title='bbox 772 1017 915 1057; x_wconf 89' lang='lat' dir='ltr'>circum</span> <span class='ocrx_word' id='word_1_109' title='bbox 941 1017 1058 1056; x_wconf 82' lang='lat' dir='ltr'>ubera</span> <span class='ocrx_word' id='word_1_110' title='bbox 1082 1016 1178 1055; x_wconf 80' lang='lat' dir='ltr'>nati.</span> 
     </span>
    </p>
   </div>
   <div class='ocr_carea' id='block_1_9' title="bbox 174 1072 1312 1291">
    <p class='ocr_par' dir='ltr' id='par_1_9' title="bbox 176 1072 1216 1124">
     <span class='ocr_line' id='line_1_17' title="bbox 176 1072 1216 1124; baseline -0.001 -13"><span class='ocrx_word' id='word_1_111' title='bbox 176 1072 245 1111; x_wconf 84' lang='lat' dir='ltr'>Hic</span> <span class='ocrx_word' id='word_1_112' title='bbox 267 1073 374 1113; x_wconf 91' lang='lat' dir='ltr'>locus</span> <span class='ocrx_word' id='word_1_113' title='bbox 397 1072 504 1111; x_wconf 88' lang='lat' dir='ltr'>urbis</span> <span class='ocrx_word' id='word_1_114' title='bbox 527 1072 625 1119; x_wconf 83' lang='lat' dir='ltr'>erit,</span> <span class='ocrx_word' id='word_1_115' title='bbox 651 1072 805 1124; x_wconf 74' lang='lat' dir='ltr'>requies</span> <span class='ocrx_word' id='word_1_116' title='bbox 829 1086 873 1112; x_wconf 78' lang='lat' dir='ltr'>ea</span> <span class='ocrx_word' id='word_1_117' title='bbox 896 1080 1003 1112; x_wconf 79' lang='lat' dir='ltr'>certa</span> <span class='ocrx_word' id='word_1_118' title='bbox 1027 1073 1216 1119; x_wconf 84' lang='lat' dir='ltr'>laborum,</span> 
     </span>
    </p>

    <p class='ocr_par' dir='ltr' id='par_1_10' title="bbox 174 1127 1119 1236">
     <span class='ocr_line' id='line_1_18' title="bbox 175 1127 1119 1179; baseline 0.001 -12"><span class='ocrx_word' id='word_1_119' title='bbox 175 1128 237 1167; x_wconf 79' lang='lat' dir='ltr'>Ex</span> <span class='ocrx_word' id='word_1_120' title='bbox 261 1142 334 1179; x_wconf 85' lang='lat' dir='ltr'>quo</span> <span class='ocrx_word' id='word_1_121' title='bbox 358 1135 418 1167; x_wconf 87' lang='lat' dir='ltr'>ter</span> <span class='ocrx_word' id='word_1_122' title='bbox 439 1128 549 1167; x_wconf 86' lang='lat' dir='ltr'>denis</span> <span class='ocrx_word' id='word_1_123' title='bbox 573 1128 706 1166; x_wconf 88' lang='lat' dir='ltr'>urbem</span> <span class='ocrx_word' id='word_1_124' title='bbox 731 1128 983 1169; x_wconf 75' lang='lat' dir='ltr'>redeuntibus</span> <span class='ocrx_word' id='word_1_125' title='bbox 1006 1127 1119 1168; x_wconf 80' lang='lat' dir='ltr'>annis</span> 
     </span>
     <span class='ocr_line' id='line_1_19' title="bbox 174 1182 1089 1236; baseline -0.001 -14"><span class='ocrx_word' id='word_1_126' title='bbox 174 1182 368 1223; x_wconf 82' lang='lat' dir='ltr'>Ascanius</span> <span class='ocrx_word' id='word_1_127' title='bbox 391 1183 486 1223; x_wconf 85' lang='lat' dir='ltr'>clari</span> <span class='ocrx_word' id='word_1_128' title='bbox 508 1183 647 1223; x_wconf 87' lang='lat' dir='ltr'>condet</span> <span class='ocrx_word' id='word_1_129' title='bbox 670 1184 914 1236; x_wconf 67' lang='lat' dir='ltr'>cognominis</span> <span class='ocrx_word' id='word_1_130' title='bbox 935 1184 1089 1223; x_wconf 77' lang='lat' dir='ltr'>Albam.</span> 
     </span>
    </p>

    <p class='ocr_par' dir='ltr' id='par_1_11' title="bbox 174 1238 1312 1291">
     <span class='ocr_line' id='line_1_20' title="bbox 174 1238 1312 1291; baseline -0.001 -14"><span class='ocrx_word' id='word_1_131' title='bbox 174 1238 282 1278; x_wconf 81' lang='lat' dir='ltr'>Haud</span> <span class='ocrx_word' id='word_1_132' title='bbox 306 1241 454 1279; x_wconf 82' lang='lat' dir='ltr'>incerta</span> <span class='ocrx_word' id='word_1_133' title='bbox 477 1253 588 1278; x_wconf 83' lang='lat' dir='ltr'>cano.</span> <span class='ocrx_word' id='word_1_134' title='bbox 622 1239 735 1278; x_wconf 86' lang='lat' dir='ltr'>Nunc</span> <span class='ocrx_word' id='word_1_135' title='bbox 757 1254 828 1291; x_wconf 74' lang='lat' dir='ltr'>qua</span> <span class='ocrx_word' id='word_1_136' title='bbox 852 1240 1004 1280; x_wconf 80' lang='lat' dir='ltr'>ratione</span> <span class='ocrx_word' id='word_1_137' title='bbox 1020 1270 1030 1288; x_wconf 80' lang='lat'><strong>‚</strong></span> <span class='ocrx_word' id='word_1_138' title='bbox 1056 1238 1155 1291; x_wconf 87' lang='lat' dir='ltr'>quod</span> <span class='ocrx_word' id='word_1_139' title='bbox 1178 1238 1312 1285; x_wconf 84' lang='lat' dir='ltr'>instat,</span> 
     </span>
    </p>
   </div>
   <div class='ocr_carea' id='block_1_10' title="bbox 107 1294 1123 1348">
    <p class='ocr_par' dir='ltr' id='par_1_12' title="bbox 107 1294 1123 1348">
     <span class='ocr_line' id='line_1_21' title="bbox 107 1294 1123 1348; baseline 0.001 -16"><span class='ocrx_word' id='word_1_140' title='bbox 107 1301 149 1332; x_wconf 88' lang='lat'>50</span> <span class='ocrx_word' id='word_1_141' title='bbox 170 1294 367 1348; x_wconf 80' lang='lat' dir='ltr'>Expedias</span> <span class='ocrx_word' id='word_1_142' title='bbox 390 1296 516 1334; x_wconf 82' lang='lat' dir='ltr'>victor</span> <span class='ocrx_word' id='word_1_143' title='bbox 532 1325 541 1342; x_wconf 80' lang='grc'>,</span> <span class='ocrx_word' id='word_1_144' title='bbox 568 1295 700 1347; x_wconf 81' lang='lat' dir='ltr'>paucis</span> <span class='ocrx_word' id='word_1_145' title='bbox 714 1325 724 1344; x_wconf 83' lang='lat'>,</span> <span class='ocrx_word' id='word_1_146' title='bbox 751 1296 911 1335; x_wconf 77' lang='lat' dir='ltr'>adverte</span> <span class='ocrx_word' id='word_1_147' title='bbox 928 1327 937 1344; x_wconf 84' lang='lat'><strong>‚</strong></span> <span class='ocrx_word' id='word_1_148' title='bbox 964 1296 1123 1335; x_wconf 75' lang='lat' dir='ltr'>docebo.</span> 
     </span>
    </p>
   </div>
   <div class='ocr_carea' id='block_1_11' title="bbox 168 1349 1238 1570">
    <p class='ocr_par' dir='ltr' id='par_1_13' title="bbox 168 1349 1238 1570">
     <span class='ocr_line' id='line_1_22' title="bbox 169 1349 1196 1404; baseline 0.001 -16"><span class='ocrx_word' id='word_1_149' title='bbox 169 1349 344 1390; x_wconf 81' lang='lat' dir='ltr'>Arcades</span> <span class='ocrx_word' id='word_1_150' title='bbox 368 1351 427 1390; x_wconf 91' lang='lat' dir='ltr'>his</span> <span class='ocrx_word' id='word_1_151' title='bbox 449 1350 552 1398; x_wconf 80' lang='lat' dir='ltr'>oris,</span> <span class='ocrx_word' id='word_1_152' title='bbox 577 1364 701 1402; x_wconf 87' lang='lat' dir='ltr'>genus</span> <span class='ocrx_word' id='word_1_153' title='bbox 723 1365 745 1390; x_wconf 87' lang='lat' dir='ltr'>a</span> <span class='ocrx_word' id='word_1_154' title='bbox 767 1352 942 1391; x_wconf 78' lang='lat' dir='ltr'>Pallante</span> <span class='ocrx_word' id='word_1_155' title='bbox 966 1354 1196 1404; x_wconf 79' lang='lat' dir='ltr'>profectum,</span> 
     </span>
     <span class='ocr_line' id='line_1_23' title="bbox 171 1406 1238 1460; baseline 0 -16"><span class='ocrx_word' id='word_1_156' title='bbox 171 1406 243 1455; x_wconf 87' lang='lat' dir='ltr'>Qui</span> <span class='ocrx_word' id='word_1_157' title='bbox 267 1419 400 1459; x_wconf 85' lang='lat' dir='ltr'>regem</span> <span class='ocrx_word' id='word_1_158' title='bbox 422 1407 646 1446; x_wconf 82' lang='lat' dir='ltr'>Euandrum</span> <span class='ocrx_word' id='word_1_159' title='bbox 668 1407 854 1456; x_wconf 79' lang='lat' dir='ltr'>comites,</span> <span class='ocrx_word' id='word_1_160' title='bbox 880 1408 942 1459; x_wconf 85' lang='lat' dir='ltr'>qui</span> <span class='ocrx_word' id='word_1_161' title='bbox 966 1408 1077 1460; x_wconf 79' lang='lat' dir='ltr'>signa</span> <span class='ocrx_word' id='word_1_162' title='bbox 1099 1406 1238 1453; x_wconf 84' lang='lat' dir='ltr'>secuti,</span> 
     </span>
     <span class='ocr_line' id='line_1_24' title="bbox 168 1461 1193 1514; baseline 0.001 -14"><span class='ocrx_word' id='word_1_163' title='bbox 168 1462 360 1514; x_wconf 84' lang='lat' dir='ltr'>Delcgere</span> <span class='ocrx_word' id='word_1_164' title='bbox 382 1461 508 1501; x_wconf 84' lang='lat' dir='ltr'>locum</span> <span class='ocrx_word' id='word_1_165' title='bbox 531 1469 570 1501; x_wconf 87' lang='lat' dir='ltr'>et</span> <span class='ocrx_word' id='word_1_166' title='bbox 591 1474 757 1514; x_wconf 79' lang='lat' dir='ltr'>posuere</span> <span class='ocrx_word' id='word_1_167' title='bbox 779 1462 818 1502; x_wconf 91' lang='lat' dir='ltr'>in</span> <span class='ocrx_word' id='word_1_168' title='bbox 841 1464 1036 1502; x_wconf 88' lang='lat' dir='ltr'>montibus</span> <span class='ocrx_word' id='word_1_169' title='bbox 1059 1462 1193 1502; x_wconf 85' lang='lat' dir='ltr'>urbem</span> 
     </span>
     <span class='ocr_line' id='line_1_25' title="bbox 169 1517 1044 1570; baseline 0.001 -14"><span class='ocrx_word' id='word_1_170' title='bbox 169 1517 359 1557; x_wconf 80' lang='lat' dir='ltr'>Pallantis</span> <span class='ocrx_word' id='word_1_171' title='bbox 381 1517 517 1570; x_wconf 84' lang='lat' dir='ltr'>proavi</span> <span class='ocrx_word' id='word_1_172' title='bbox 539 1517 585 1556; x_wconf 90' lang='lat' dir='ltr'>de</span> <span class='ocrx_word' id='word_1_173' title='bbox 608 1518 763 1558; x_wconf 89' lang='lat' dir='ltr'>nomine</span> <span class='ocrx_word' id='word_1_174' title='bbox 788 1519 1044 1558; x_wconf 76' lang='lat' dir='ltr'>Pallanteum.</span> 
     </span>
    </p>
   </div>
   <div class='ocr_carea' id='block_1_12' title="bbox 164 1695 836 2040">
    <p class='ocr_par' dir='ltr' id='par_1_14' title="bbox 164 1695 836 2040">
     <span class='ocr_line' id='line_1_26' title="bbox 170 1695 835 1737; baseline 0 -10"><span class='ocrx_word' id='word_1_175' title='bbox 170 1697 247 1737; x_wconf 69' lang='lat' dir='ltr'>spiit</span> <span class='ocrx_word' id='word_1_176' title='bbox 265 1695 372 1727; x_wconf 86' lang='lat' dir='ltr'>Ruhe.</span> <span class='ocrx_word' id='word_1_177' title='bbox 391 1714 436 1719; x_wconf 79' lang='lat'><strong>—</strong></span> <span class='ocrx_word' id='word_1_178' title='bbox 455 1699 540 1736; x_wconf 67' lang='lat' dir='ltr'>ipse,</span> <span class='ocrx_word' id='word_1_179' title='bbox 562 1696 594 1726; x_wconf 93' lang='lat' dir='ltr'>in</span> <span class='ocrx_word' id='word_1_180' title='bbox 616 1696 734 1735; x_wconf 73' lang='lat' dir='ltr'>eigner</span> <span class='ocrx_word' id='word_1_181' title='bbox 754 1696 835 1727; x_wconf 87' lang='lat' dir='ltr'>Per-</span> 
     </span>
     <span class='ocr_line' id='line_1_27' title="bbox 170 1741 832 1782; baseline 0 -10"><span class='ocrx_word' id='word_1_182' title='bbox 170 1751 244 1772; x_wconf 88' lang='lat' dir='ltr'>son.</span> <span class='ocrx_word' id='word_1_183' title='bbox 259 1759 304 1764; x_wconf 77' lang='lat'><strong>—</strong></span> <span class='ocrx_word' id='word_1_184' title='bbox 323 1741 507 1780; x_wconf 79' lang='lat' dir='ltr'>carbasus,</span> <span class='ocrx_word' id='word_1_185' title='bbox 529 1742 667 1782; x_wconf 48' lang='lat' dir='ltr'>„genus</span> <span class='ocrx_word' id='word_1_186' title='bbox 686 1742 752 1772; x_wconf 76' lang='lat' dir='ltr'>lim·</span> <span class='ocrx_word' id='word_1_187' title='bbox 769 1745 832 1772; x_wconf 80' lang='lat' dir='ltr'>est.</span> 
     </span>
     <span class='ocr_line' id='line_1_28' title="bbox 168 1785 836 1826; baseline -0.001 -9"><span class='ocrx_word' id='word_1_188' title='bbox 168 1785 297 1817; x_wconf 71' lang='lat' dir='ltr'>Linum</span> <span class='ocrx_word' id='word_1_189' title='bbox 323 1796 418 1822; x_wconf 80' lang='lat' dir='ltr'>vero,</span> <span class='ocrx_word' id='word_1_190' title='bbox 446 1789 488 1817; x_wconf 75' lang='lat' dir='ltr'>at</span> <span class='ocrx_word' id='word_1_191' title='bbox 515 1788 567 1817; x_wconf 70' lang='lat' dir='ltr'>ait</span> <span class='ocrx_word' id='word_1_192' title='bbox 583 1786 738 1826; x_wconf 75' lang='lat' dir='ltr'>Plinius,</span> <span class='ocrx_word' id='word_1_193' title='bbox 767 1797 836 1817; x_wconf 80' lang='lat' dir='ltr'>me-</span> 
     </span>
     <span class='ocr_line' id='line_1_29' title="bbox 170 1830 835 1873; baseline 0.002 -12"><span class='ocrx_word' id='word_1_194' title='bbox 170 1831 240 1861; x_wconf 78' lang='lat' dir='ltr'>lias</span> <span class='ocrx_word' id='word_1_195' title='bbox 266 1832 486 1871; x_wconf 72' lang='lat' dir='ltr'>irrigatione</span> <span class='ocrx_word' id='word_1_196' title='bbox 503 1830 696 1873; x_wconf 78' lang='lat' dir='ltr'>fluminum</span> <span class='ocrx_word' id='word_1_197' title='bbox 728 1842 835 1872; x_wconf 79' lang='lat' dir='ltr'>quam</span> 
     </span>
     <span class='ocr_line' id='line_1_30' title="bbox 164 1875 836 1916; baseline 0.001 -10"><span class='ocrx_word' id='word_1_198' title='bbox 164 1876 288 1916; x_wconf 78' lang='lat' dir='ltr'>pluvia</span> <span class='ocrx_word' id='word_1_199' title='bbox 307 1878 482 1906; x_wconf 69' lang='lat' dir='ltr'>naseitur-</span> <span class='ocrx_word' id='word_1_200' title='bbox 518 1875 597 1906; x_wconf 74' lang='lat' dir='ltr'>[cleo</span> <span class='ocrx_word' id='word_1_201' title='bbox 617 1879 654 1906; x_wconf 72' lang='lat' dir='ltr'>et</span> <span class='ocrx_word' id='word_1_202' title='bbox 669 1878 776 1907; x_wconf 75' lang='lat' dir='ltr'>vestis</span> <span class='ocrx_word' id='word_1_203' title='bbox 795 1877 836 1907; x_wconf 75' lang='lat' dir='ltr'>li-</span> 
     </span>
     <span class='ocr_line' id='line_1_31' title="bbox 166 1920 833 1961; baseline 0.003 -11"><span class='ocrx_word' id='word_1_204' title='bbox 166 1930 232 1950; x_wconf 83' lang='lat' dir='ltr'>nea</span> <span class='ocrx_word' id='word_1_205' title='bbox 242 1920 457 1961; x_wconf 76' lang='lat' dir='ltr'>flaminibus</span> <span class='ocrx_word' id='word_1_206' title='bbox 477 1920 555 1960; x_wconf 90' lang='lat' dir='ltr'>(den</span> <span class='ocrx_word' id='word_1_207' title='bbox 579 1920 833 1961; x_wconf 71' lang='lat' dir='ltr'>Flussgtiuern)</span> 
     </span>
     <span class='ocr_line' id='line_1_32' title="bbox 169 1964 834 2006; baseline 0.003 -12"><span class='ocrx_word' id='word_1_208' title='bbox 169 1968 336 2006; x_wconf 79' lang='lat' dir='ltr'>tanquam</span> <span class='ocrx_word' id='word_1_209' title='bbox 367 1966 521 2005; x_wconf 73' lang='lat' dir='ltr'>propria</span> <span class='ocrx_word' id='word_1_210' title='bbox 558 1964 710 1995; x_wconf 77' lang='lat' dir='ltr'>datur.“</span> <span class='ocrx_word' id='word_1_211' title='bbox 756 1966 834 1996; x_wconf 85' lang='lat' dir='ltr'>Ser-</span> 
     </span>
     <span class='ocr_line' id='line_1_33' title="bbox 168 2017 256 2040; baseline -0.011 0"><span class='ocrx_word' id='word_1_212' title='bbox 168 2017 256 2040; x_wconf 72' lang='lat' dir='ltr'>vius.</span> 
     </span>
    </p>
   </div>
   <div class='ocr_carea' id='block_1_13' title="bbox 163 2076 830 2433">
    <p class='ocr_par' dir='ltr' id='par_1_15' title="bbox 163 2076 830 2433">
     <span class='ocr_line' id='line_1_34' title="bbox 212 2076 828 2116; baseline 0.003 -10"><span class='ocrx_word' id='word_1_213' title='bbox 212 2076 402 2109; x_wconf 79' lang='lat' dir='ltr'>v.3ss-50.</span> <span class='ocrx_word' id='word_1_214' title='bbox 425 2077 483 2109; x_wconf 79' lang='lat' dir='ltr'>Die</span> <span class='ocrx_word' id='word_1_215' title='bbox 499 2077 618 2108; x_wconf 75' lang='lat' dir='ltr'>VVorte</span> <span class='ocrx_word' id='word_1_216' title='bbox 631 2079 695 2116; x_wconf 74' lang='lat' dir='ltr'>qni</span> <span class='ocrx_word' id='word_1_217' title='bbox 711 2077 828 2108; x_wconf 62' lang='lat' dir='ltr'>revela.</span> 
     </span>
     <span class='ocr_line' id='line_1_35' title="bbox 166 2120 829 2161; baseline 0.002 -10"><span class='ocrx_word' id='word_1_218' title='bbox 166 2121 265 2152; x_wconf 80' lang='lat' dir='ltr'>nobis</span> <span class='ocrx_word' id='word_1_219' title='bbox 285 2120 360 2152; x_wconf 88' lang='lat' dir='ltr'>sind</span> <span class='ocrx_word' id='word_1_220' title='bbox 380 2123 440 2153; x_wconf 85' lang='lat' dir='ltr'>mit</span> <span class='ocrx_word' id='word_1_221' title='bbox 461 2123 655 2161; x_wconf 82' lang='lat' dir='ltr'>Rezieliung</span> <span class='ocrx_word' id='word_1_222' title='bbox 681 2121 744 2152; x_wconf 82' lang='lat' dir='ltr'>aus</span> <span class='ocrx_word' id='word_1_223' title='bbox 766 2122 829 2152; x_wconf 80' lang='lat' dir='ltr'>den</span> 
     </span>
     <span class='ocr_line' id='line_1_36' title="bbox 166 2166 830 2205; baseline 0 -9"><span class='ocrx_word' id='word_1_224' title='bbox 166 2166 419 2205; x_wconf 75' lang='lat' dir='ltr'>gemeiusamen</span> <span class='ocrx_word' id='word_1_225' title='bbox 448 2167 677 2199; x_wconf 78' lang='lat' dir='ltr'>Stammvater</span> <span class='ocrx_word' id='word_1_226' title='bbox 703 2166 830 2197; x_wconf 74' lang='lat' dir='ltr'>Darda-</span> 
     </span>
     <span class='ocr_line' id='line_1_37' title="bbox 167 2210 829 2251; baseline 0 -10"><span class='ocrx_word' id='word_1_227' title='bbox 167 2220 241 2247; x_wconf 89' lang='lat' dir='ltr'>nus,</span> <span class='ocrx_word' id='word_1_228' title='bbox 270 2221 298 2242; x_wconf 82' lang='lat' dir='ltr'>S.</span> <span class='ocrx_word' id='word_1_229' title='bbox 319 2210 376 2251; x_wconf 85' lang='grc' dir='ltr'>ΙΙΙ,</span> <span class='ocrx_word' id='word_1_230' title='bbox 400 2212 474 2244; x_wconf 82' lang='grc'><strong>167,</strong></span> <span class='ocrx_word' id='word_1_231' title='bbox 497 2212 568 2251; x_wconf 84' lang='lat' dir='ltr'>Vll,</span> <span class='ocrx_word' id='word_1_232' title='bbox 589 2213 666 2247; x_wconf 76' lang='lat'><strong>207,</strong></span> <span class='ocrx_word' id='word_1_233' title='bbox 694 2216 829 2251; x_wconf 80' lang='lat' dir='ltr'>gesagt.</span> 
     </span>
     <span class='ocr_line' id='line_1_38' title="bbox 164 2255 830 2297; baseline 0.003 -11"><span class='ocrx_word' id='word_1_234' title='bbox 164 2272 208 2278; x_wconf 89' lang='lat'>—</span> <span class='ocrx_word' id='word_1_235' title='bbox 225 2265 324 2296; x_wconf 72' lang='lat' dir='ltr'>exsp.</span> <span class='ocrx_word' id='word_1_236' title='bbox 346 2258 429 2297; x_wconf 58' lang='lat' dir='ltr'>sol„</span> <span class='ocrx_word' id='word_1_237' title='bbox 460 2259 492 2288; x_wconf 83' lang='lat' dir='ltr'>in</span> <span class='ocrx_word' id='word_1_238' title='bbox 514 2256 615 2297; x_wconf 77' lang='lat' dir='ltr'>Folge</span> <span class='ocrx_word' id='word_1_239' title='bbox 635 2257 696 2288; x_wconf 82' lang='lat' dir='ltr'>der</span> <span class='ocrx_word' id='word_1_240' title='bbox 716 2255 830 2288; x_wconf 74' lang='lat' dir='ltr'>weis-</span> 
     </span>
     <span class='ocr_line' id='line_1_39' title="bbox 166 2301 826 2341; baseline -0.002 -9"><span class='ocrx_word' id='word_1_241' title='bbox 166 2310 338 2341; x_wconf 73' lang='lat' dir='ltr'>sagungcn</span> <span class='ocrx_word' id='word_1_242' title='bbox 378 2303 438 2334; x_wconf 84' lang='lat' dir='ltr'>des</span> <span class='ocrx_word' id='word_1_243' title='bbox 472 2301 624 2334; x_wconf 84' lang='lat' dir='ltr'>Faunus.</span> <span class='ocrx_word' id='word_1_244' title='bbox 659 2319 704 2323; x_wconf 91' lang='lat'><strong>—</strong></span> <span class='ocrx_word' id='word_1_245' title='bbox 737 2305 826 2332; x_wconf 77' lang='lat' dir='ltr'>tum.</span> 
     </span>
     <span class='ocr_line' id='line_1_40' title="bbox 164 2345 826 2386; baseline 0 -10"><span class='ocrx_word' id='word_1_246' title='bbox 164 2355 257 2376; x_wconf 85' lang='lat' dir='ltr'>omn.</span> <span class='ocrx_word' id='word_1_247' title='bbox 286 2349 321 2377; x_wconf 83' lang='lat' dir='ltr'>et</span> <span class='ocrx_word' id='word_1_248' title='bbox 348 2349 395 2378; x_wconf 77' lang='lat' dir='ltr'>ir.</span> <span class='ocrx_word' id='word_1_249' title='bbox 424 2347 458 2378; x_wconf 89' lang='lat' dir='ltr'>d.</span> <span class='ocrx_word' id='word_1_250' title='bbox 487 2357 607 2386; x_wconf 60' lang='lat' dir='ltr'>cuna,</span> <span class='ocrx_word' id='word_1_251' title='bbox 641 2345 707 2385; x_wconf 85' lang='lat' dir='ltr'>vgl.</span> <span class='ocrx_word' id='word_1_252' title='bbox 737 2346 826 2377; x_wconf 83' lang='lat' dir='ltr'>Stat.</span> 
     </span>
     <span class='ocr_line' id='line_1_41' title="bbox 163 2388 829 2433; baseline 0.003 -13"><span class='ocrx_word' id='word_1_253' title='bbox 163 2388 272 2421; x_wconf 82' lang='lat' dir='ltr'>Theb.</span> <span class='ocrx_word' id='word_1_254' title='bbox 299 2389 339 2431; x_wconf 88' lang='lat' dir='ltr'>V,</span> <span class='ocrx_word' id='word_1_255' title='bbox 368 2392 455 2433; x_wconf 60' lang='lat'><strong>4235:</strong></span> <span class='ocrx_word' id='word_1_256' title='bbox 489 2396 682 2433; x_wconf 79' lang='lat' dir='ltr'>postquam</span> <span class='ocrx_word' id='word_1_257' title='bbox 707 2395 829 2422; x_wconf 78' lang='lat' dir='ltr'>tumor</span> 
     </span>
    </p>
   </div>
   <div class='ocr_carea' id='block_1_14' title="bbox 162 2435 861 2475">
    <p class='ocr_par' dir='ltr' id='par_1_16' title="bbox 162 2435 861 2475">
     <span class='ocr_line' id='line_1_42' title="bbox 162 2435 861 2475; baseline 0.003 -11"><span class='ocrx_word' id='word_1_258' title='bbox 162 2436 288 2475; x_wconf 80' lang='lat' dir='ltr'>iraque</span> <span class='ocrx_word' id='word_1_259' title='bbox 322 2439 430 2468; x_wconf 73' lang='lat' dir='ltr'>cessit</span> <span class='ocrx_word' id='word_1_260' title='bbox 461 2437 632 2468; x_wconf 73' lang='lat' dir='ltr'>vultibus.</span> <span class='ocrx_word' id='word_1_261' title='bbox 676 2454 716 2459; x_wconf 93' lang='lat'><em>-</em></span> <span class='ocrx_word' id='word_1_262' title='bbox 759 2435 861 2467; x_wconf 84' lang='lat' dir='ltr'>Der·</span> 
     </span>
    </p>
   </div>
   <div class='ocr_carea' id='block_1_15' title="bbox 162 2477 825 2573">
    <p class='ocr_par' dir='ltr' id='par_1_17' title="bbox 162 2477 825 2573">
     <span class='ocr_line' id='line_1_43' title="bbox 162 2477 825 2520; baseline 0.005 -11"><span class='ocrx_word' id='word_1_263' title='bbox 162 2477 341 2520; x_wconf 83' lang='lat' dir='ltr'>Flussgott</span> <span class='ocrx_word' id='word_1_264' title='bbox 372 2482 442 2513; x_wconf 87' lang='lat' dir='ltr'>will</span> <span class='ocrx_word' id='word_1_265' title='bbox 478 2482 583 2513; x_wconf 87' lang='lat' dir='ltr'>durch</span> <span class='ocrx_word' id='word_1_266' title='bbox 612 2482 706 2513; x_wconf 82' lang='lat' dir='ltr'>seine</span> <span class='ocrx_word' id='word_1_267' title='bbox 734 2479 825 2512; x_wconf 86' lang='lat' dir='ltr'>Rede</span> 
     </span>
     <span class='ocr_line' id='line_1_44' title="bbox 162 2523 824 2573; baseline 0.005 -20"><span class='ocrx_word' id='word_1_268' title='bbox 162 2523 225 2554; x_wconf 86' lang='lat' dir='ltr'>den</span> <span class='ocrx_word' id='word_1_269' title='bbox 265 2526 349 2573; x_wconf 87' lang='lat' dir='ltr'>Aen.</span> <span class='ocrx_word' id='word_1_270' title='bbox 392 2527 594 2567; x_wconf 85' lang='lat' dir='ltr'>sogleich</span> <span class='ocrx_word' id='word_1_271' title='bbox 639 2526 824 2565; x_wconf 80' lang='lat' dir='ltr'>beruhigeu</span> 
     </span>
    </p>
   </div>
   <div class='ocr_carea' id='block_1_16' title="bbox 104 1572 1167 1627">
    <p class='ocr_par' dir='ltr' id='par_1_18' title="bbox 104 1572 1167 1627">
     <span class='ocr_line' id='line_1_45' title="bbox 104 1572 1167 1627; baseline 0.001 -16"><span class='ocrx_word' id='word_1_272' title='bbox 104 1579 144 1611; x_wconf 85' lang='lat'>55</span> <span class='ocrx_word' id='word_1_273' title='bbox 168 1572 213 1612; x_wconf 90' lang='lat' dir='ltr'>Hi</span> <span class='ocrx_word' id='word_1_274' title='bbox 238 1573 379 1613; x_wconf 90' lang='lat' dir='ltr'>bellum</span> <span class='ocrx_word' id='word_1_275' title='bbox 402 1573 561 1613; x_wconf 80' lang='lat' dir='ltr'>adsidue</span> <span class='ocrx_word' id='word_1_276' title='bbox 584 1574 731 1613; x_wconf 84' lang='lat' dir='ltr'>ducunt</span> <span class='ocrx_word' id='word_1_277' title='bbox 751 1588 837 1614; x_wconf 90' lang='lat' dir='ltr'>cum</span> <span class='ocrx_word' id='word_1_278' title='bbox 859 1582 976 1627; x_wconf 87' lang='lat' dir='ltr'>gente</span> <span class='ocrx_word' id='word_1_279' title='bbox 998 1573 1167 1622; x_wconf 74' lang='lat' dir='ltr'>Latina3‘</span> 
     </span>
    </p>
   </div>
   <div class='ocr_carea' id='block_1_17' title="bbox 906 1692 1570 1735">
    <p class='ocr_par' dir='ltr' id='par_1_19' title="bbox 906 1692 1570 1735">
     <span class='ocr_line' id='line_1_46' title="bbox 906 1692 1570 1735; baseline -0.005 -9"><span class='ocrx_word' id='word_1_280' title='bbox 906 1696 972 1726; x_wconf 89' lang='lat' dir='ltr'>und</span> <span class='ocrx_word' id='word_1_281' title='bbox 1001 1696 1230 1735; x_wconf 83' lang='lat' dir='ltr'>ermuthigen,</span> <span class='ocrx_word' id='word_1_282' title='bbox 1261 1695 1378 1725; x_wconf 85' lang='lat' dir='ltr'>darum</span> <span class='ocrx_word' id='word_1_283' title='bbox 1405 1692 1505 1725; x_wconf 84' lang='lat' dir='ltr'>theilt</span> <span class='ocrx_word' id='word_1_284' title='bbox 1532 1703 1570 1723; x_wconf 80' lang='lat' dir='ltr'>er</span> 
     </span>
    </p>
   </div>
   <div class='ocr_carea' id='block_1_18' title="bbox 882 1738 1568 1772">
    <p class='ocr_par' dir='ltr' id='par_1_20' title="bbox 882 1738 1568 1772">
     <span class='ocr_line' id='line_1_47' title="bbox 882 1738 1568 1772; baseline -0.007 0"><span class='ocrx_word' id='word_1_285' title='bbox 882 1742 972 1772; x_wconf 29' lang='lat' dir='ltr'>*ihm</span> <span class='ocrx_word' id='word_1_286' title='bbox 1002 1741 1032 1772; x_wconf 79' lang='lat' dir='ltr'>in</span> <span class='ocrx_word' id='word_1_287' title='bbox 1064 1752 1096 1772; x_wconf 91' lang='lat' dir='ltr'>v.</span> <span class='ocrx_word' id='word_1_288' title='bbox 1126 1740 1259 1772; x_wconf 68' lang='lat'>42—46</span> <span class='ocrx_word' id='word_1_289' title='bbox 1285 1740 1362 1771; x_wconf 83' lang='lat' dir='ltr'>eine</span> <span class='ocrx_word' id='word_1_290' title='bbox 1381 1738 1447 1770; x_wconf 87' lang='lat' dir='ltr'>ihm</span> <span class='ocrx_word' id='word_1_291' title='bbox 1467 1738 1568 1769; x_wconf 80' lang='lat' dir='ltr'>sehon</span> 
     </span>
    </p>
   </div>
   <div class='ocr_carea' id='block_1_19' title="bbox 897 1782 1573 2444">
    <p class='ocr_par' dir='ltr' id='par_1_21' title="bbox 897 1782 1573 2444">
     <span class='ocr_line' id='line_1_48' title="bbox 908 1782 1570 1827; baseline -0.006 -11"><span class='ocrx_word' id='word_1_292' title='bbox 908 1786 1026 1817; x_wconf 73' lang='lat' dir='ltr'>sriiher</span> <span class='ocrx_word' id='word_1_293' title='bbox 1044 1787 1088 1827; x_wconf 91' lang='lat' dir='ltr'>(s.</span> <span class='ocrx_word' id='word_1_294' title='bbox 1111 1787 1148 1816; x_wconf 71' lang='lat' dir='ltr'>A.</span> <span class='ocrx_word' id='word_1_295' title='bbox 1171 1784 1227 1825; x_wconf 84' lang='lat'>111,</span> <span class='ocrx_word' id='word_1_296' title='bbox 1249 1782 1420 1824; x_wconf 83' lang='lat'>390-93)</span> <span class='ocrx_word' id='word_1_297' title='bbox 1441 1792 1570 1824; x_wconf 80' lang='lat' dir='ltr'>gewor-</span> 
     </span>
     <span class='ocr_line' id='line_1_49' title="bbox 906 1827 1568 1872; baseline -0.006 -11"><span class='ocrx_word' id='word_1_298' title='bbox 906 1831 993 1861; x_wconf 85' lang='lat' dir='ltr'>dene</span> <span class='ocrx_word' id='word_1_299' title='bbox 1014 1831 1272 1872; x_wconf 81' lang='lat' dir='ltr'>Prophezeiung</span> <span class='ocrx_word' id='word_1_300' title='bbox 1297 1829 1359 1860; x_wconf 88' lang='lat' dir='ltr'>mit</span> <span class='ocrx_word' id='word_1_301' title='bbox 1383 1827 1568 1859; x_wconf 77' lang='lat' dir='ltr'>denselben</span> 
     </span>
     <span class='ocr_line' id='line_1_50' title="bbox 905 1873 1570 1920; baseline -0.008 -13"><span class='ocrx_word' id='word_1_302' title='bbox 905 1875 1048 1907; x_wconf 59' lang='lat' dir='ltr'>W&#39;orten</span> <span class='ocrx_word' id='word_1_303' title='bbox 1069 1877 1141 1914; x_wconf 85' lang='lat' dir='ltr'>mit,</span> <span class='ocrx_word' id='word_1_304' title='bbox 1163 1875 1249 1905; x_wconf 88' lang='lat' dir='ltr'>denn</span> <span class='ocrx_word' id='word_1_305' title='bbox 1264 1883 1325 1904; x_wconf 85' lang='lat' dir='ltr'>aus</span> <span class='ocrx_word' id='word_1_306' title='bbox 1340 1873 1456 1920; x_wconf 54' lang='lat' dir='ltr'>dieser</span> <span class='ocrx_word' id='word_1_307' title='bbox 1467 1874 1570 1903; x_wconf 71' lang='lat' dir='ltr'>wort—</span> 
     </span>
     <span class='ocr_line' id='line_1_51' title="bbox 905 1917 1570 1957; baseline -0.006 -6"><span class='ocrx_word' id='word_1_308' title='bbox 905 1921 1016 1951; x_wconf 75' lang='lat' dir='ltr'>lichen</span> <span class='ocrx_word' id='word_1_309' title='bbox 1053 1919 1409 1957; x_wconf 77' lang='lat' dir='ltr'>Uebereinstimmung</span> <span class='ocrx_word' id='word_1_310' title='bbox 1451 1917 1570 1948; x_wconf 82' lang='lat' dir='ltr'>beider</span> 
     </span>
     <span class='ocr_line' id='line_1_52' title="bbox 903 1962 1567 2006; baseline -0.003 -11"><span class='ocrx_word' id='word_1_311' title='bbox 903 1964 1056 2006; x_wconf 83' lang='lat' dir='ltr'>Spriiche</span> <span class='ocrx_word' id='word_1_312' title='bbox 1075 1975 1167 1996; x_wconf 87' lang='lat' dir='ltr'>muss</span> <span class='ocrx_word' id='word_1_313' title='bbox 1180 1964 1262 1994; x_wconf 81' lang='lat' dir='ltr'>Aen.</span> <span class='ocrx_word' id='word_1_314' title='bbox 1278 1962 1465 2002; x_wconf 80' lang='lat' dir='ltr'>erkenuen,</span> <span class='ocrx_word' id='word_1_315' title='bbox 1487 1962 1567 1993; x_wconf 83' lang='lat' dir='ltr'>dass</span> 
     </span>
     <span class='ocr_line' id='line_1_53' title="bbox 902 2007 1570 2048; baseline -0.003 -8"><span class='ocrx_word' id='word_1_316' title='bbox 902 2020 938 2040; x_wconf 82' lang='lat' dir='ltr'>es</span> <span class='ocrx_word' id='word_1_317' title='bbox 967 2010 1122 2041; x_wconf 83' lang='lat' dir='ltr'>wirklich</span> <span class='ocrx_word' id='word_1_318' title='bbox 1150 2010 1211 2040; x_wconf 84' lang='lat' dir='ltr'>der</span> <span class='ocrx_word' id='word_1_319' title='bbox 1237 2007 1435 2048; x_wconf 82' lang='lat' dir='ltr'>Flussgott,</span> <span class='ocrx_word' id='word_1_320' title='bbox 1474 2007 1570 2038; x_wconf 81' lang='lat' dir='ltr'>nicht</span> 
     </span>
     <span class='ocr_line' id='line_1_54' title="bbox 902 2052 1573 2093; baseline -0.003 -9"><span class='ocrx_word' id='word_1_321' title='bbox 902 2054 955 2084; x_wconf 86' lang='lat' dir='ltr'>ein</span> <span class='ocrx_word' id='word_1_322' title='bbox 995 2055 1162 2093; x_wconf 77' lang='lat' dir='ltr'>niclitiges</span> <span class='ocrx_word' id='word_1_323' title='bbox 1189 2052 1389 2085; x_wconf 88' lang='lat' dir='ltr'>Traumbild</span> <span class='ocrx_word' id='word_1_324' title='bbox 1424 2053 1473 2093; x_wconf 90' lang='lat' dir='ltr'>(v.</span> <span class='ocrx_word' id='word_1_325' title='bbox 1508 2053 1573 2093; x_wconf 60' lang='lat'>42)-</span> 
     </span>
     <span class='ocr_line' id='line_1_55' title="bbox 903 2095 1564 2139; baseline 0 -10"><span class='ocrx_word' id='word_1_326' title='bbox 903 2100 959 2138; x_wconf 83' lang='lat' dir='ltr'>ist,</span> <span class='ocrx_word' id='word_1_327' title='bbox 989 2100 1050 2130; x_wconf 86' lang='lat' dir='ltr'>der</span> <span class='ocrx_word' id='word_1_328' title='bbox 1075 2110 1117 2130; x_wconf 93' lang='lat' dir='ltr'>zu</span> <span class='ocrx_word' id='word_1_329' title='bbox 1144 2099 1210 2130; x_wconf 90' lang='lat' dir='ltr'>ihm</span> <span class='ocrx_word' id='word_1_330' title='bbox 1237 2098 1380 2139; x_wconf 86' lang='lat' dir='ltr'>spricht.</span> <span class='ocrx_word' id='word_1_331' title='bbox 1423 2095 1564 2129; x_wconf 83' lang='lat' dir='ltr'>Warum</span> 
     </span>
     <span class='ocr_line' id='line_1_56' title="bbox 902 2142 1566 2183; baseline -0.003 -9"><span class='ocrx_word' id='word_1_332' title='bbox 902 2144 984 2175; x_wconf 85' lang='lat' dir='ltr'>aber</span> <span class='ocrx_word' id='word_1_333' title='bbox 1003 2145 1096 2176; x_wconf 81' lang='lat' dir='ltr'>biess</span> <span class='ocrx_word' id='word_1_334' title='bbox 1116 2154 1152 2174; x_wconf 86' lang='lat' dir='ltr'>es</span> <span class='ocrx_word' id='word_1_335' title='bbox 1173 2144 1210 2174; x_wconf 77' lang='lat' dir='ltr'>A.</span> <span class='ocrx_word' id='word_1_336' title='bbox 1235 2142 1291 2183; x_wconf 86' lang='lat' dir='ltr'>Ill,</span> <span class='ocrx_word' id='word_1_337' title='bbox 1313 2142 1398 2174; x_wconf 85' lang='lat'>393:</span> <span class='ocrx_word' id='word_1_338' title='bbox 1420 2144 1451 2174; x_wconf 82' lang='lat' dir='ltr'>is</span> <span class='ocrx_word' id='word_1_339' title='bbox 1470 2142 1566 2173; x_wconf 74' lang='lat' dir='ltr'>locus</span> 
     </span>
     <span class='ocr_line' id='line_1_57' title="bbox 901 2187 1565 2228; baseline 0.002 -11"><span class='ocrx_word' id='word_1_340' title='bbox 901 2191 998 2219; x_wconf 75' lang='lat' dir='ltr'>urhis</span> <span class='ocrx_word' id='word_1_341' title='bbox 1023 2191 1106 2228; x_wconf 64' lang='lat' dir='ltr'>erit,</span> <span class='ocrx_word' id='word_1_342' title='bbox 1133 2189 1208 2220; x_wconf 84' lang='lat' dir='ltr'>hier</span> <span class='ocrx_word' id='word_1_343' title='bbox 1237 2189 1306 2218; x_wconf 74' lang='lat' dir='ltr'>hic</span> <span class='ocrx_word' id='word_1_344' title='bbox 1333 2187 1356 2218; x_wconf 82' lang='lat' dir='ltr'>l.</span> <span class='ocrx_word' id='word_1_345' title='bbox 1383 2197 1418 2218; x_wconf 82' lang='lat' dir='ltr'>u.</span> <span class='ocrx_word' id='word_1_346' title='bbox 1439 2189 1498 2218; x_wconf 81' lang='lat' dir='ltr'>e.?</span> <span class='ocrx_word' id='word_1_347' title='bbox 1523 2205 1565 2209; x_wconf 90' lang='lat'><strong>—</strong></span> 
     </span>
     <span class='ocr_line' id='line_1_58' title="bbox 901 2232 1564 2274; baseline 0 -12"><span class='ocrx_word' id='word_1_348' title='bbox 901 2244 946 2263; x_wconf 70' lang='lat' dir='ltr'>em</span> <span class='ocrx_word' id='word_1_349' title='bbox 974 2244 1054 2274; x_wconf 80' lang='lat' dir='ltr'>quo,</span> <span class='ocrx_word' id='word_1_350' title='bbox 1085 2233 1231 2264; x_wconf 68' lang='lat' dir='ltr'>niimlieh</span> <span class='ocrx_word' id='word_1_351' title='bbox 1258 2233 1355 2264; x_wconf 87' lang='lat' dir='ltr'>loco:</span> <span class='ocrx_word' id='word_1_352' title='bbox 1393 2242 1458 2263; x_wconf 84' lang='lat' dir='ltr'>von</span> <span class='ocrx_word' id='word_1_353' title='bbox 1485 2232 1564 2263; x_wconf 83' lang='lat' dir='ltr'>wel-</span> 
     </span>
     <span class='ocr_line' id='line_1_59' title="bbox 899 2277 1561 2319; baseline 0 -11"><span class='ocrx_word' id='word_1_354' title='bbox 899 2280 994 2310; x_wconf 80' lang='lat' dir='ltr'>chem</span> <span class='ocrx_word' id='word_1_355' title='bbox 1044 2278 1242 2319; x_wconf 81' lang='lat' dir='ltr'>ausgehend</span> <span class='ocrx_word' id='word_1_356' title='bbox 1282 2277 1362 2308; x_wconf 83' lang='lat' dir='ltr'>Asc.</span> <span class='ocrx_word' id='word_1_357' title='bbox 1408 2277 1561 2316; x_wconf 81' lang='lat' dir='ltr'>griinden</span> 
     </span>
     <span class='ocr_line' id='line_1_60' title="bbox 899 2320 1561 2364; baseline -0.002 -11"><span class='ocrx_word' id='word_1_358' title='bbox 899 2324 997 2354; x_wconf 80' lang='lat' dir='ltr'>wird.</span> <span class='ocrx_word' id='word_1_359' title='bbox 1029 2342 1066 2346; x_wconf 97' lang='lat'><strong>—</strong></span> <span class='ocrx_word' id='word_1_360' title='bbox 1097 2333 1280 2364; x_wconf 48' lang='lat' dir='ltr'>mgnum„</span> <span class='ocrx_word' id='word_1_361' title='bbox 1309 2321 1377 2361; x_wconf 82' lang='lat' dir='ltr'>vgl.</span> <span class='ocrx_word' id='word_1_362' title='bbox 1405 2320 1561 2364; x_wconf 72' lang='lat' dir='ltr'>Proper-t.</span> 
     </span>
     <span class='ocr_line' id='line_1_61' title="bbox 899 2366 1559 2407; baseline -0.002 -9"><span class='ocrx_word' id='word_1_363' title='bbox 899 2367 1010 2407; x_wconf 14' lang='lat' dir='ltr'>1v‚71‚</span> <span class='ocrx_word' id='word_1_364' title='bbox 1031 2369 1092 2399; x_wconf 78' lang='lat'>35:</span> <span class='ocrx_word' id='word_1_365' title='bbox 1123 2372 1157 2399; x_wconf 79' lang='lat' dir='ltr'>et</span> <span class='ocrx_word' id='word_1_366' title='bbox 1181 2370 1286 2399; x_wconf 70' lang='lat' dir='ltr'>stetit</span> <span class='ocrx_word' id='word_1_367' title='bbox 1302 2366 1395 2398; x_wconf 82' lang='lat' dir='ltr'>Alba</span> <span class='ocrx_word' id='word_1_368' title='bbox 1416 2369 1559 2407; x_wconf 78' lang='lat' dir='ltr'>pote-ns,</span> 
     </span>
     <span class='ocr_line' id='line_1_62' title="bbox 897 2413 1341 2444; baseline -0.005 0"><span class='ocrx_word' id='word_1_369' title='bbox 897 2413 1000 2444; x_wconf 81' lang='lat' dir='ltr'>albae</span> <span class='ocrx_word' id='word_1_370' title='bbox 1018 2415 1093 2444; x_wconf 80' lang='lat' dir='ltr'>suis</span> <span class='ocrx_word' id='word_1_371' title='bbox 1112 2415 1226 2444; x_wconf 78' lang='lat' dir='ltr'>omine</span> <span class='ocrx_word' id='word_1_372' title='bbox 1243 2415 1341 2443; x_wconf 78' lang='lat' dir='ltr'>nata.</span> 
     </span>
    </p>
   </div>
   <div class='ocr_carea' id='block_1_20' title="bbox 897 2478 1561 2563">
    <p class='ocr_par' dir='ltr' id='par_1_22' title="bbox 897 2478 1561 2563">
     <span class='ocr_line' id='line_1_63' title="bbox 941 2478 1561 2519; baseline -0.002 -9"><span class='ocrx_word' id='word_1_373' title='bbox 941 2491 973 2511; x_wconf 89' lang='lat' dir='ltr'>v.</span> <span class='ocrx_word' id='word_1_374' title='bbox 995 2480 1140 2511; x_wconf 75' lang='lat'>51—65.</span> <span class='ocrx_word' id='word_1_375' title='bbox 1184 2479 1280 2519; x_wconf 82' lang='lat' dir='ltr'>Virg.</span> <span class='ocrx_word' id='word_1_376' title='bbox 1300 2479 1385 2510; x_wconf 59' lang='lat' dir='ltr'>laissi.</span> <span class='ocrx_word' id='word_1_377' title='bbox 1403 2479 1486 2510; x_wconf 80' lang='lat' dir='ltr'>nach</span> <span class='ocrx_word' id='word_1_378' title='bbox 1513 2478 1561 2510; x_wconf 86' lang='lat' dir='ltr'>ei-</span> 
     </span>
     <span class='ocr_line' id='line_1_64' title="bbox 897 2524 1557 2563; baseline -0.002 -8"><span class='ocrx_word' id='word_1_379' title='bbox 897 2535 958 2556; x_wconf 83' lang='lat' dir='ltr'>ner</span> <span class='ocrx_word' id='word_1_380' title='bbox 992 2525 1328 2563; x_wconf 73' lang='lat' dir='ltr'>weitverbreiteten,</span> <span class='ocrx_word' id='word_1_381' title='bbox 1373 2524 1459 2555; x_wconf 79' lang='lat' dir='ltr'>auch</span> <span class='ocrx_word' id='word_1_382' title='bbox 1495 2534 1557 2554; x_wconf 92' lang='lat' dir='ltr'>von</span> 
     </span>
    </p>
   </div>
  </div>
 </body>
</html>
