1682 2979
556 216 774 248 AENEIDOS
801 217 879 248 L'B.
909 218 947 249 V.
1387 212 1463 249 147

54 315 178 359 Quem
208 314 324 352 modo
357 314 482 353 navali
514 314 740 354 Mnestheus
773 315 985 354 certamine
1015 316 1140 355 victor

52 369 333 419 Consequitur,
365 369 480 407 viridi
510 369 735 409 Mnestheus
767 372 942 409 evinctus
975 370 1088 408 oliva.

49 424 205 462 Tertius
235 423 436 473 Eurytion,
471 428 571 469 tuus,
604 437 626 462 o
659 425 887 471 clarissime,
921 425 1053 469 frater,
1476 445 1539 477 495

50 478 241 523 Pandare,
274 478 339 528 qui
371 479 580 528 quondam,
613 479 744 517 iussus
776 479 1019 518 confundere
1049 479 1200 525 foedus,

50 533 92 570 In
124 533 278 571 medios
311 533 430 572 telum
456 530 609 572 'torsisti
641 534 791 584 primus
821 534 1003 572 Achivos.

49 587 253 626 Extremus
284 588 471 638 galeaque
502 588 579 626 ima
611 589 790 627 subsedit
819 590 993 635 Acestes,

48 643 175 679 Ausus
207 647 246 680 et
274 642 360 692 ipse
391 655 510 681 manu
540 644 720 682 iuvenum
753 649 944 694 temptare
974 643 1162 683 laborem.

49 696 147 734 Tum
178 696 317 736 validis
349 698 472 736 flexos
504 697 709 736 incurvant
738 698 885 736 viribus
917 710 1031 737 arcus
1475 723 1538 754 500

48 751 123 788 Pro
156 763 198 789 se
229 752 394 802 quisque
424 751 510 798 viri,
542 758 580 791 et
609 753 846 803 depromunt
876 753 950 792 tela
980 754 1191 804 pharetris.

46 805 256 856 Primaque
286 818 358 856 per
388 807 538 845 caelum
569 819 688 846 nervo
720 808 909 846 stridente
940 808 1081 857 sagitta

49 859 280 909 Hyrtacidae
311 861 459 899 iuvenis
490 861 660 899 volucris
693 862 913 900 diverberat
942 874 1078 908 auras3

46 914 96 951 Et
125 914 249 959 venit,
283 915 514 964 adversique
545 915 720 963 infigitur
749 916 889 954 arbore
920 917 1024 954 mali.

47 968 250 1006 Intremuit
279 969 424 1013 malus,
457 969 663 1018 timuitque
695 971 878 1007 exterrita
907 971 1049 1019 pennis
1472 993 1536 1024 505

45 1022 150 1067 Ales,
181 1028 220 1060 et
249 1022 399 1071 ingenti
430 1028 648 1061 sonuerunt
677 1024 807 1061 omnia
837 1024 988 1073 plausu.

44 1077 140 1114 Post
171 1088 261 1115 acer
288 1077 516 1115 Mnestheus
548 1078 715 1116 adducto
748 1079 925 1116 constitit
956 1091 1061 1123 arcu,

45 1131 129 1169 Alta
161 1137 322 1181 petens,
353 1132 577 1182 pariterque
608 1132 744 1170 oculos
776 1133 974 1183 telumque
1005 1133 1185 1171 tetendit.

43 1186 112 1223 Ast
141 1185 266 1235 ipsam
297 1186 544 1224 miserandus
577 1198 684 1225 avem
717 1188 946 1236 contingere
976 1188 1080 1225 ferro

45 1240 130 1277 Non
160 1240 299 1287 valuit,
331 1241 457 1278 nodos
490 1247 528 1279 et
555 1241 709 1279 vincula
741 1242 844 1280 linea
875 1242 993 1292 rupit,
1470 1263 1533 1293 510

47 1294 142 1339 Quis
173 1294 312 1333 innexa
342 1295 483 1345 pedem
513 1295 614 1333 malo
646 1296 843 1345 pendebat
873 1296 920 1334 ab
950 1296 1051 1341 alto;

43 1349 110 1387 Illa
141 1354 256 1386 notos
288 1354 402 1399 atque
434 1356 516 1388 atra
546 1350 682 1388 volans
714 1350 755 1388 in
786 1350 918 1389 nubila
952 1350 1064 1399 fugit.

45 1403 142 1441 Tum
173 1403 345 1453 rapidus,
378 1404 603 1442 iamdudum
634 1416 725 1442 arcu
757 1410 940 1443 contenta
970 1410 1107 1454 parato

45 1457 138 1496 Tela
168 1463 320 1503 tenens,
352 1458 511 1497 fratrem
540 1459 728 1508 Eurytion
760 1459 800 1496 in
831 1465 918 1496 vota
946 1458 1110 1503 vocavit,

42 1513 122 1550 Iam
153 1524 274 1550 vacuo
305 1512 447 1550 laetam
478 1513 587 1551 caelo
619 1513 858 1563 speculatus,
890 1519 928 1551 et
959 1513 1029 1550 alis
1466 1533 1530 1564 515

42 1566 296 1605 Plaudentem
324 1562 437 1614 nigra
467 1567 551 1615 figit
581 1567 651 1604 sub
680 1567 786 1613 ,nube
818 1567 1053 1604 columbam.

42 1621 197 1659 Decidit
227 1620 436 1667 exanimis,
467 1621 665 1670 vitamque
695 1621 856 1670 reliquit
886 1621 926 1658 in
957 1620 1074 1658 astris

42 1675 251 1719 Aetheriis‚
282 1675 475 1724 fixamque
505 1675 628 1713 refert
657 1675 818 1725 delapsa
849 1674 1043 1723 sagittam.

43 1730 196 1768 Amissa
228 1730 335 1767 solus
366 1729 494 1778 palma
526 1729 737 1779 superabat
765 1730 940 1770 Acestes,

44 1784 120 1829 Qui
153 1789 282 1822 tamen
312 1784 439 1822 aerias
470 1784 591 1822 telum
622 1783 823 1821 contendit
854 1783 894 1820 in
925 1793 1051 1825 auras,

44 1837 256 1876 ostentans
289 1843 490 1887 artemque
520 1843 633 1887 pater
664 1848 874 1886 arcumque
905 1840 1124 1874 sonantem.

1463 1802 1528 1833 520

781 1944 908 1982 genden
932 1940 1140 1982 Priiposition
1161 1941 1198 1970 in
1218 1938 1390 1976 abhangig,
1420 1947 1446 1967 s.

43 1954 129 1976 coon
161 1945 226 1975 und
251 1945 313 1975 deu
337 1943 444 1975 Nisus
468 1945 519 1981 (A.
549 1943 605 1979 IX,
635 1946 708 1975 177.
1406 1980 1428 1985 -.

780 1987 861 2017 z.A.
877 1986 898 2021 1,
915 1987 990 2017 544.
1018 2003 1062 2007 -
1088 1985 1124 2014 in
1151 1985 1229 2013 vota
1252 1991 1324 2012 voc.
1367 1980 1450 2011 Wie

43 1990 131 2028 406),
165 1988 256 2019 Hom.
286 1987 322 2018 Il.
352 1987 390 2024 ΙΙ,
417 1988 479 2019 837
507 1987 568 2018 den
592 1987 706 2017 Asius.

46 2049 83 2055 —
108 2031 209 2063 modo
234 2033 356 2071 victor,
382 2041 416 2062 so
443 2030 525 2062 eben
552 2040 613 2061 nur
638 2031 711 2069 (der

44 2075 188 2111 zweite,.
202 2085 229 2105 s.
249 2085 282 2105 v.
307 2076 371 2107 232
389 2076 452 2115 sq.)
487 2074 614 2113 Sieger,
641 2074 706 2113 vgl.

45 2119 122 2150 Hor.
138 2118 205 2149 Sat.
221 2118 243 2154 Ι,
263 2121 288 2153 l,
309 2120 365 2150 16:
387 2119 454 2148 eris
472 2121 518 2157 tn,
537 2119 598 2157 qui
608 2117 710 2148 modo

0 2163 1 2205 ζ
43 2161 337 2201 πιίῖεεᾸΙῙθνι-αίον,
350 2165 398 2201 tic,
410 2161 588 2192 consultus
597 2160 710 2199 modo,

44 2207 202 2237 mtstz'cus.
229 2222 271 2229 ——
295 2207 417 2244 iussus,
444 2215 470 2235 s.
489 2204 581 2235 Hom.
602 2203 706 2240 11.1V‚

45 2250 86 2281 88
97 2259 144 2289 sq.
172 2267 214 2272 —-
241 2249 330 2287 confi
356 2248 459 2288 foed„
485 2246 707 2286 vg1.H0m.11.

46 2291 100 2328 lv.
120 2294 195 2325 269.
473 2328 481 2334 ἱ

88 2346 118 2366 v.
148 2337 325 2368 500—18.
362 2337 432 2366 tim.
476 2338 542 2365 eoet.
573 2336 710 2376 pennis,

47 2379 106 2409 der
138 2378 345 2410 erschreckte
382 2378 487 2417 Vogel
521 2378 582 2417 gab
620 2378 710 2409 scine

46 2421 166 2452 Fureht
190 2422 291 2452 durch
316 2422 373 2453 das
397 2422 548 2453 Flattern
572 2421 629 2453 mit
649 2422 711 2452 den

46 2464 180 2504 Fltigeln
213 2474 252 2495 zu
287 2465 462 2496 erkenuen.
491 2483 533 2488 --
569 2465 710 2505 plausu,

47 2518 118 2538 vom
154 2507 330 2538 Klatschen
369 2509 438 2546 (des
482 2508 628 2547 Vogels).
670 2525 712 2531 --

45 2555 153 2582 notos.
188 2551 255 2581 Der
280 2552 395 2582 Accus.
424 2551 467 2582 ist
490 2561 553 2581 von
579 2551 638 2582 der
653 2550 713 2582 sol-

780 2029 929 2060 Entellus
964 2028 1046 2059 oben
1070 2037 1101 2058 v.
1131 2027 1196 2058 483
1229 2024 1296 2056 sich
1329 2024 1450 2055 betend

781 2083 821 2104 an
854 2073 916 2104 den
949 2072 1043 2113 Eryx
1078 2070 1142 2100 wie
1180 2078 1220 2099 an
1254 2067 1347 2098 einen
1375 2067 1452 2098 Gott

779 2117 930 2151 wandte,
971 2125 1006 2146 so
1032 2114 1152 2145 richtet
1175 2112 1247 2142 hiel·
1270 2111 1449 2151 Eurytion

781 2161 870 2191 scine
904 2158 1051 2190 Geliibde
1095 2167 1136 2188 an
1169 2156 1230 2186 (len
1254 2154 1448 2185 Pandarus.

781 2223 824 2227 -
849 2205 885 2233 in
910 2204 1014 2233 astris
1039 2201 1147 2239 aeth„
1183 2199 1237 2229 bei
1273 2198 1335 2228 den
1360 2196 1450 2227 Stel·-

782 2257 842 2278 nen
869 2247 925 2277 (les
941 2245 1091 2279 Aether-s,
1122 2243 1197 2273 d.h.
1226 2242 1258 2271 in
1284 2241 1343 2270 der
1356 2239 1444 2273 Lun,

780 2289 937 2328 vgl.A..I.
960 2289 1033 2320 103.
1056 2285 1109 2322 ΙΙΙ,
1133 2287 1209 2317 620.
1237 2301 1280 2306 -
1304 2283 1370 2312 Fiir
1395 2281 1449 2312 de-

783 2333 868 2364 cidit
892 2344 909 2362 e
920 2335 934 2362 t
957 2331 1102 2370 reliquit
1116 2328 1232 2359 wfirde
1247 2335 1282 2356 es
1299 2325 1330 2355 in
1344 2324 1449 2355 Prosa

781 2377 937 2407 heissen‘?

824 2430 855 2449 v.
871 2418 1036 2451 519—28.
1066 2418 1252 2454 arcemque,
1266 2413 1318 2444 die
1330 2413 1444 2449 Kunst,

782 2464 833 2494 die
860 2462 953 2493 darin
986 2459 1140 2494 bestand,
1182 2458 1244 2487 den
1276 2456 1361 2486 Pseil
1393 2457 1450 2487 mit
1509 2470 1511 2472 ·

782 2506 864 2537 aller
879 2504 977 2536 Kraft
1002 2503 1065 2533 und
1089 2502 1147 2532 mit
1162 2500 1306 2532 starkem
1322 2499 1448 2538 Klange

783 2550 839 2580 des
865 2549 993 2586 Bogens
1019 2545 1348 2617 abZiischiessqg.*—
1377 2553 1446 2574 arc.
