1682 2979
528 194 748 228 AENEIDOS
775 196 854 227 Llss.
885 196 939 227 lx'.
1116 218 1120 219 γ
1368 188 1446 227 127

32 295 142 341 Quae
171 294 385 333 luctantem
416 293 586 332 animam
617 307 818 346 nexosque
848 296 1065 334 resolveret
1095 302 1216 336 artus.
1461 303 1525 335 695

30 350 128 388 Nam
159 349 249 400 quia
278 360 352 388 nec
382 345 481 395 sam,
512 349 653 388 merita
685 363 758 389 nee
789 357 915 389 morte
945 350 1112 400 peribat,

30 405 107 443 Sed
139 404 284 443 misera
316 410 405 443 ante
436 403 560 451 diem,
592 404 802 456 subitoque
833 417 999 443 accensa
1030 406 1176 451 furore,

28 459 210 498 Nondum
240 459 298 497 illi
327 459 471 498 ssavum
499 459 741 510 Proserpina
771 459 918 498 vertice
949 459 1100 498 crinem

27 514 265 560 Abstulerat,
298 514 514 565 Stygioque
543 520 662 565 caput
692 515 944 554 damnaverat
975 514 1092 553 Orco.

27 570 130 619 Ergo
161 570 235 608 Iris
267 569 418 609 croceis
450 582 522 621 per
552 570 702 609 caelum
732 570 891 609 roscida
920 570 1078 621 pennis,
1462 579 1526 610 700

27 624 132 663 Mille
163 625 322 664 trahens
353 625 483 664 varios
514 625 680 665 adverso
711 625 795 664 sole
827 625 993 673 colores,

27 680 202 726 Devolat‚
235 685 274 718 et
304 692 423 731 supra
454 687 570 731 eaput
601 680 773 719 adstitit:
806 681 919 719 Hunc
950 692 1020 730 ego
1052 680 1130 719 Diti

27 735 192 774 Sacrum
223 735 331 774 iussa
363 736 460 783 fero,
491 741 609 786 teque
641 735 717 774 isto
749 748 917 787 corpore
949 735 1072 774 solvo.

29 790 95 828 Sic
126 790 191 836 ait,
225 796 263 830 et
288 789 421 830 dextra
452 791 601 830 crinem
634 797 764 831 secat:
798 791 926 829 omnis
959 796 997 830 et
1027 802 1104 829 una
1130 826 1133 827 γ

25 845 211 896 Dilapsus
244 845 362 893 calor,
396 851 513 897 atque
545 846 585 884 in
614 854 752 885 ventos
783 847 861 894 vita
890 845 1069 885 recessit.
1461 853 1525 886 705

28 965 191 997 schnitteu
215 966 361 1002 werden,
390 965 456 1004 vgl.
476 967 515 996 Α.
536 965 591 1002 VI,
622 967 698 998 245.
772 965 1092 1007 niehtProsm’pina,
1114 965 1166 996 die
1184 970 1276 997 sonst
1292 965 1344 996 die
1358 964 1446 996 Tod-

27 1008 124 1041 weil
148 1009 230 1041 aber
252 1009 336 1040 Dido
361 1009 450 1040 nieht
474 1009 536 1041 den
552 1008 624 1040 Tod
643 1010 703 1041 der
772 1015 826 1041 ten
852 1009 1035 1045 abfortlert,
1065 1009 1206 1040 sondern
1233 1009 1294 1040 Iris
1313 1009 1445 1040 aufBe-

28 1051 137 1085 Natur
162 1053 277 1093 (fato)
313 1053 394 1085 oder
419 1053 476 1085 des
503 1053 701 1085 Geschickes
772 1053 839 1084 fehl
864 1053 923 1085 dex·
946 1053 1051 1089 Juno,
1088 1053 1135 1096 ²¹15
1169 1053 1444 1095 Schutzpatroniu

30 1098 174 1137 (merita
190 1100 333 1138 morte),
351 1098 492 1130 sondern
513 1095 702 1142 ὑπέρμορα
772 1098 832 1129 der
856 1097 950 1129 Dido.
979 1116 1023 1122 --
1052 1108 1162 1140 snpra
1188 1108 1214 1131 c.
1242 1098 1348 1138 adst„
1373 1098 1439 1137 vgl.

29 1141 144 1179 stirbt,
186 1153 222 1174 so
246 1142 428 1175 verrichtet
453 1143 506 1175 (lie
529 1142 702 1182 VVeihung
771 1142 862 1174 Hom.
888 1142 948 1180 Od.
978 1141 1032 1178 Vl,
1063 1143 1116 1174 21.
