1682 2979
534 207 790 242 GEORGICON
814 207 896 240 LlB.
925 207 979 239 111.
1427 198 1504 238 115

60 316 65 321 ’
95 319 182 366 Quo
212 313 342 353 minus
374 317 435 352 est
463 310 542 349 illis
573 323 689 350 curae
718 309 898 349 mortalis
929 315 1096 359 egestas,

93 376 266 417 Avernas,
296 369 521 419 victumque
551 367 655 405 feres
687 372 726 405 et
754 367 885 416 virgea
915 365 1042 404 laetus
1528 369 1588 402 320

50 431 58 437 ”
93 427 252 473 Pabula,
284 438 357 464 nec
387 431 468 463 tota
498 423 656 462 claudes
688 422 847 461 faenilia
876 422 1029 462 bruma.

92 486 141 524 At
169 495 261 522 vero
293 481 480 532 Zephyris
512 492 599 518 cum
630 478 731 518 laeta
762 478 992 517 vocantibus
1023 482 1153 517 aestas

93 541 138 579 In
169 539 292 578 saltus
322 543 532 587 utrumque
564 546 721 585 gregem
753 541 870 586 atque
901 534 941 573 in
970 546 1117 585 pascua
1148 533 1287 580 mittet,

93 594 269 635 Luciferi
299 593 427 645 primo
459 604 547 631 cum
578 591 707 630 sidere
739 591 882 641 frigida
913 603 1003 630 rura

93 652 324 702 Carpamus,
355 649 445 688 dum
477 661 591 687 mane
621 659 778 694 novum,
811 648 902 685 dum
934 647 1108 697 gramina
1140 651 1293 692 canent,
1530 655 1589 687 325

94 708 143 746 Et
173 719 238 745 ros
269 706 310 744 in
340 711 474 744 tenera
505 703 640 754 pecori
671 703 920 753 gratissimus
951 703 1086 741 herba.

96 763 203 809 Inde,
235 761 301 801 ubi
334 767 468 812 quarta
500 760 607 798 sitim
638 759 737 798 caeli
769 759 974 809 collegerit
1001 759 1099 797 hora

96 820 145 857 Et
175 824 289 857 cantu
321 816 507 868 querulae
537 822 721 866 rumpent
750 815 908 854 arbusta
940 815 1113 860 cicadae,

94 875 153 913 Ad
184 879 324 925 puteos
355 879 421 912 aut
451 872 526 910 alta
560 883 698 921 greges
728 871 775 909 ad
808 877 943 919 stagna
975 871 1109 909 iubeto

95 931 325 970 Currentem
356 927 490 976 ilignis
519 932 658 976 potare
689 925 892 963 canalibus
923 925 1089 972 undam3
1533 935 1592 967 330

94 985 279 1025 Aestibus
311 990 350 1021 at
379 981 521 1020 mediis
553 981 777 1019 umbrosam
809 981 1015 1031 exquirere
1044 981 1197 1028 vallem,

91 1040 230 1079 Sicubi
262 1050 402 1088 magna
432 1037 537 1076 Iovis
569 1036 730 1088 antiquo
762 1037 905 1075 robore
937 1049 1106 1088 quercus

93 1095 270 1146 Ingentis
301 1094 436 1133 tendat
464 1105 608 1140 ramos,
641 1099 708 1132 aut
737 1092 863 1131 sicubi
897 1093 1050 1143 nigrum

95 1152 257 1191 Ilicibus
289 1150 437 1189 crebris
468 1162 580 1188 sacra
612 1162 750 1188 nemus
782 1149 947 1188 accubet
976 1149 1136 1196 umbram

95 1209 196 1250 Tum
226 1207 354 1246 tenuis
386 1206 478 1244 dare
509 1218 646 1244 rursus
677 1218 812 1256 aquam,
844 1211 883 1244 et
911 1217 1077 1256 pascere
1108 1218 1245 1245 rursus
1361 1233 1364 1237 -
1534 1214 1592 1246 335

95 1263 201 1302 Solis
233 1264 280 1302 ad
313 1274 509 1307 occasum,
543 1274 630 1301 cum
663 1262 830 1312 frigidus
862 1274 951 1301 aera
981 1274 1124 1313 vesper

95 1320 320 1370 Temperat,
353 1326 390 1357 et
421 1319 542 1357 saltus
573 1318 700 1357 reficit
731 1318 808 1357 iam
839 1318 996 1357 roscida
1027 1318 1132 1363 luna,

95 1375 308 1426 Litoraque
339 1375 527 1425 alcyoneo
557 1380 757 1419 resonant.
790 1374 1040 1414 acalanthida
1070 1374 1191 1413 dumi.

182 1431 283 1478 Quid
317 1431 386 1469 tibi
418 1438 599 1482 pastores
630 1430 789 1482 Libyae,
823 1431 916 1482 quid
949 1443 1096 1482 pascua
1128 1443 1242 1470 versu

97 1487 333 1538 Prosequar,
367 1493 405 1526 et
434 1487 533 1525 raris
565 1487 740 1526 habitata
772 1487 939 1538 mapalia
975 1485 1120 1525 tectis?
1535 1497 1594 1529 340

94 1545 223 1594 Saepe
255 1543 358 1582 diem
392 1551 628 1594 noctemque
660 1549 698 1581 et
728 1548 851 1582 totum
886 1556 931 1582 ex
963 1543 1102 1582 urdine
1134 1554 1311 1582 mensem

97 1599 277 1637 Pascitur
308 1600 413 1648 itque
445 1612 567 1648 pecus
599 1600 716 1647 longa
748 1599 787 1637 in
819 1600 976 1638 deserta
1008 1600 1094 1638 sine
1126 1599 1216 1638 ullis

99 1653 315 1703 Hospitiis:
350 1659 498 1690 tantum
531 1654 658 1703 campi
690 1654 802 1691 iacet.
864 1654 1004 1692 Omnia
1036 1667 1171 1693 secum

98 1708 371 1747 Armentarius
402 1708 494 1746 Afer
525 1709 616 1758 agit,
647 1713 874 1759 tectumque
905 1709 1124 1760 Laremque

99 1808 139 1839 E.
171 1809 228 1844 10,
260 1809 310 1840 15.
350 1827 391 1831 —
423 1811 527 1850 ipsae,
564 1817 589 1838 s.
618 1818 646 1838 z.
676 1807 713 1840 E.
739 1810 769 1845 4,

101 1854 154 1886 21.
181 1871 225 1877 -—-
250 1860 292 1885 est
316 1858 431 1894 egestas
455 1868 498 1880 ==
523 1858 618 1893 eya-nl.
636 1871 676 1876 —
703 1857 775 1886 bru-

97 1911 156 1935 ma,
182 1908 209 1928 s.
238 1907 265 1927 z.
294 1896 332 1928 G.
361 1895 399 1931 ΙΙ,
430 1897 505 1928 317.

144 1942 210 1974 322
223 1959 243 1963 -
257 1942 310 1973 38.
339 1953 498 1983 carpamus
518 1953 599 1981 rura,
616 1941 699 1972 lasst
714 1952 772 1973 uns

96 1985 248 2023 (uamlich
277 1985 335 2017 mit
359 1986 420 2016 den
447 1985 612 2023 Heerden)
639 1987 700 2017 auf
719 1987 772 2018 die

94 2030 228 2063 Tristen
253 2030 349 2062 eilen.
390 2031 479 2061 Auel}
499 2030 558 2061 der
577 2031 638 2062 Ort
655 2031 767 2069 selbst,

97 2076 161 2107 den
185 2075 288 2107 Einer
313 2075 491 2112 durcheilt,
521 2075 607 2107 wird
633 2076 681 2108 als
708 2076 773 2108 Ob-

92 2121 168 2162 ject
198 2131 239 2152 zu
272 2133 393 2163 carpere
428 2121 660 2161 hinzugefiigt,
703 2122 769 2161 vgl.

99 2166 183 2197 oben
214 2176 246 2197 v.
277 2167 350 2198 142.
381 2164 419 2197 G.
448 2165 511 2205 IV,
545 2167 621 2198 311.
673 2166 770 2198 Ovid.

96 2211 178 2243 Met.
190 2210 261 2247 VII,
284 2212 366 2244 219:
395 2214 516 2243 aethera
540 2224 670 2254 carpere.
695 2211 770 2249 XV,

98 2258 183 2288 507:
220 2259 311 2289 litora
344 2269 369 2289 c.
402 2254 505 2287 Trist.
542 2255 571 2293 I,
613 2258 668 2293 10,
711 2258 771 2289 23:

100 2313 220 2343 campos
245 2313 268 2334 c.
298 2319 336 2324 —
372 2307 479 2343 quarta
511 2304 595 2334 hora.
645 2301 694 2332 Da
724 2302 776 2333 die

99 2345 196 2376 Alten
228 2346 290 2377 den
323 2345 396 2385 Tag
426 2345 491 2377 wie
525 2345 578 2377 die
603 2344 711 2378 Nacht
744 2347 775 2378 in

102 2391 143 2422 12
167 2389 293 2430 gleiche
317 2390 463 2422 Stundeu
489 2390 623 2422 theilten
651 2402 680 2422 u.
713 2392 776 2423 den

99 2435 232 2475 Anrang
255 2435 312 2467 des
326 2435 436 2476 Tages
460 2446 534 2467 vom
547 2437 700 2476 Ausgang
717 2437 778 2468 der

100 2480 210 2511 Sonne
222 2480 409 2517 rechneten‚
440 2490 475 2512 so
495 2482 605 2513 hatten
621 2481 674 2513 die
687 2483 774 2513 nfun-

98 2525 206 2556 lichen
242 2524 386 2558 Stunden
424 2526 517 2558 einer
548 2525 661 2566 Tags-
693 2527 775 2558 oder

99 2569 278 2602 Nachtzeit
295 2570 326 2601 in
345 2571 406 2602 den
424 2571 683 2603 verschiedeuen
697 2571 775 2603 Jah-

99 2615 265 2648 reszeiten
289 2615 362 2648 eine
385 2616 621 2648 verschiedene
645 2617 770 2658 Lange.

844 1826 886 1831 —-
923 1806 1079 1851 rumpent,
1121 1809 1437 1840 durchschmettern‘.
1474 1827 1519 1832 —

843 1856 922 1886 Iovis
947 1866 1093 1896 quercus,
1129 1865 1155 1885 s.
1185 1865 1213 1885 z.
1244 1854 1282 1886 G.
1311 1853 1358 1890 ΙΙ,
1396 1855 1446 1886 16.
1475 1871 1519 1876 -

842 1910 946 1931 uentus
971 1902 1102 1931 accubet.
1143 1898 1212 1930 Der
1234 1898 1363 1938 Begriff
1383 1899 1440 1930 des
1466 1911 1519 1932 cu-

844 1946 914 1976 bare
945 1943 1027 1974 oder
1059 1948 1206 1977 accubare
1234 1944 1321 1975 wird
1345 1942 1519 1975 bisweilen

842 1998 914 2018 vom
933 1987 1088 2019 Schauen
1105 1989 1166 2020 aus
1180 1989 1242 2020 den
1260 1989 1519 2020 beschatteuden

843 2032 1054 2072 Gegenstand
1089 2034 1351 2074 iibergetrageu,
1381 2034 1446 2073 vgl.
1475 2034 1515 2065 A.

841 2077 864 2111 l,
899 2078 970 2110 165.
1000 2096 1039 2101 .-
1066 2082 1164 2111 tenuis
1190 2092 1295 2122 aquas,
1324 2090 1349 2111 s.
1379 2079 1463 2111 oben
1487 2089 1517 2111 V.

843 2123 918 2155 330.
945 2142 987 2146 -
1013 2126 1176 2165 alcyonem,
1204 2134 1229 2155 s.
1257 2128 1287 2155 ‘z.
1318 2123 1357 2156 G.
1385 2123 1408 2161 Ι,
1439 2125 1515 2157 399.

889 2168 1055 2201 339-48.
1086 2173 1228 2211 mapalia.
1255 2168 1335 2200 Sall.
1364 2168 1432 2209 lug.
1464 2170 1514 2206 18,

845 2213 883 2245 8:
927 2215 1071 2255 Aedificia
1104 2216 1302 2247 Numidarum
1343 2217 1516 2256 ayrasstum,

845 2270 922 2300 quae
958 2261 1091 2299 mapalia
1127 2262 1175 2292 illi
1208 2266 1332 2296 vocant,
1376 2262 1517 2300 oblonga,

845 2306 978 2335 incurvis
1002 2306 1170 2343 Iateribus;
1197 2310 1274 2337 lecta
1293 2307 1382 2346 quasi
1399 2307 1520 2336 navium

845 2351 966 2381 carinae
990 2354 1076 2388 sunt,
1104 2348 1169 2388 vgl.
1199 2349 1281 2380 auch
1307 2348 1378 2379 Liv.
1401 2347 1514 2384 XXX.

845 2393 874 2429 3,
905 2393 935 2425 S.
968 2410 1005 2415 -
1031 2396 1122 2434 Ianya
1146 2397 1177 2426 in
1194 2397 1268 2434 des„
1296 2403 1322 2424 S.
1344 2403 1373 2424 z.
1394 2403 1425 2424 v.
1442 2393 1516 2425 124.

844 2457 886 2460 —
904 2441 969 2470 sine
980 2439 1052 2470 ullis
1066 2441 1160 2480 hosp„
1181 2439 1263 2469 ohne
1274 2438 1433 2470 wahrend
1451 2438 1520 2469 die-

844 2492 899 2513 ser
931 2491 1055 2521 ganzen
1080 2481 1155 2514 Zeit
1186 2483 1218 2514 iu
1249 2483 1343 2515 einen
1371 2482 1455 2515 stall
1478 2493 1519 2514 zu

843 2528 1011 2562 kommen:
1040 2537 1075 2558 so
1101 2528 1189 2559 steht
1212 2531 1375 2571 hospitium
1399 2528 1437 2560 G.
1460 2527 1516 2564 lv,

843 2573 886 2605 24
911 2582 973 2603 von
992 2571 1053 2603 den
1065 2571 1286 2613 Wohnungen
1307 2574 1367 2605 der
1385 2573 1520 2605 Bienen.

844 2636 886 2641 ———
918 2623 1034 2650 tantum
1057 2621 1154 2661 campi
1177 2622 1272 2659 iacet,
1309 2618 1415 2651 nicht:
1453 2628 1519 2656 „so

1267 2671 1320 2704 9*
