<?xml version="1.0" encoding="UTF-8"?>
<!DOCTYPE html PUBLIC "-//W3C//DTD XHTML 1.0 Transitional//EN"
    "http://www.w3.org/TR/xhtml1/DTD/xhtml1-transitional.dtd">
<html xmlns="http://www.w3.org/1999/xhtml" xml:lang="en" lang="en">
 <head>
  <title>
</title>
<meta http-equiv="Content-Type" content="text/html;charset=utf-8" />
  <meta name='ocr-system' content='tesseract 3.04.00' />
  <meta name='ocr-capabilities' content='ocr_page ocr_carea ocr_par ocr_line ocrx_word'/>
</head>
<body>
  <div class='ocr_page' id='page_1' title='image "./gedichte00virguoft_0381.png"; bbox 0 0 1682 2979; ppageno 0'>
   <div class='ocr_carea' id='block_1_1' title="bbox 593 162 1002 205">
    <p class='ocr_par' dir='ltr' id='par_1_1' title="bbox 593 162 1002 205">
     <span class='ocr_line' id='line_1_1' title="bbox 593 162 1002 205; baseline 0.007 -10"><span class='ocrx_word' id='word_1_1' title='bbox 593 162 812 205; x_wconf 74' lang='lat' dir='ltr'><strong>AENEIDOS</strong></span> <span class='ocrx_word' id='word_1_2' title='bbox 836 164 918 197; x_wconf 87' lang='lat' dir='ltr'><strong>LIB.</strong></span> <span class='ocrx_word' id='word_1_3' title='bbox 946 165 1002 198; x_wconf 87' lang='lat' dir='ltr'><strong>VI.</strong></span> 
     </span>
    </p>
   </div>
   <div class='ocr_carea' id='block_1_2' title="bbox 88 261 1307 647">
    <p class='ocr_par' dir='ltr' id='par_1_2' title="bbox 88 261 1307 647">
     <span class='ocr_line' id='line_1_2' title="bbox 88 261 1216 316; baseline 0.005 -16"><span class='ocrx_word' id='word_1_4' title='bbox 88 261 192 301; x_wconf 53' lang='lat' dir='ltr'><strong>‘Has</strong></span> <span class='ocrx_word' id='word_1_5' title='bbox 221 262 369 311; x_wconf 89' lang='lat' dir='ltr'><strong>omnis,</strong></span> <span class='ocrx_word' id='word_1_6' title='bbox 399 262 467 302; x_wconf 89' lang='lat' dir='ltr'><strong>ubi</strong></span> <span class='ocrx_word' id='word_1_7' title='bbox 497 262 605 303; x_wconf 90' lang='lat' dir='ltr'><strong>mille</strong></span> <span class='ocrx_word' id='word_1_8' title='bbox 633 269 761 303; x_wconf 85' lang='lat' dir='ltr'><strong>rotam</strong></span> <span class='ocrx_word' id='word_1_9' title='bbox 790 264 946 303; x_wconf 87' lang='lat' dir='ltr'><strong>volvere</strong></span> <span class='ocrx_word' id='word_1_10' title='bbox 975 278 1048 316; x_wconf 90' lang='lat' dir='ltr'><strong>per</strong></span> <span class='ocrx_word' id='word_1_11' title='bbox 1077 278 1216 314; x_wconf 91' lang='lat' dir='ltr'><strong>annos,</strong></span> 
     </span>
     <span class='ocr_line' id='line_1_3' title="bbox 110 318 1261 372; baseline 0.004 -16"><span class='ocrx_word' id='word_1_12' title='bbox 110 318 326 357; x_wconf 80' lang='lat' dir='ltr'><strong>Lethaeum</strong></span> <span class='ocrx_word' id='word_1_13' title='bbox 356 318 404 357; x_wconf 90' lang='lat' dir='ltr'><strong>ad</strong></span> <span class='ocrx_word' id='word_1_14' title='bbox 434 318 595 357; x_wconf 90' lang='lat' dir='ltr'><strong>fluvium</strong></span> <span class='ocrx_word' id='word_1_15' title='bbox 626 319 723 359; x_wconf 90' lang='lat' dir='ltr'><strong>deus</strong></span> <span class='ocrx_word' id='word_1_16' title='bbox 754 324 892 359; x_wconf 87' lang='lat' dir='ltr'><strong>evocat</strong></span> <span class='ocrx_word' id='word_1_17' title='bbox 922 321 1078 370; x_wconf 80' lang='lat' dir='ltr'>agmine</span> <span class='ocrx_word' id='word_1_18' title='bbox 1107 334 1261 372; x_wconf 86' lang='lat' dir='ltr'><strong>magno,</strong></span> 
     </span>
     <span class='ocr_line' id='line_1_4' title="bbox 111 372 1194 425; baseline 0.005 -15"><span class='ocrx_word' id='word_1_19' title='bbox 111 372 274 412; x_wconf 80' lang='lat' dir='ltr'><strong>Scilicet</strong></span> <span class='ocrx_word' id='word_1_20' title='bbox 301 373 542 413; x_wconf 81' lang='lat' dir='ltr'><strong>inmemores</strong></span> <span class='ocrx_word' id='word_1_21' title='bbox 572 385 715 425; x_wconf 89' lang='lat' dir='ltr'><strong>supera</strong></span> <span class='ocrx_word' id='word_1_22' title='bbox 744 379 789 413; x_wconf 91' lang='lat' dir='ltr'><strong>ut</strong></span> <span class='ocrx_word' id='word_1_23' title='bbox 819 385 991 414; x_wconf 87' lang='lat' dir='ltr'><strong>convexa</strong></span> <span class='ocrx_word' id='word_1_24' title='bbox 1021 376 1194 415; x_wconf 84' lang='lat' dir='ltr'><strong>revisant</strong></span> 
     </span>
     <span class='ocr_line' id='line_1_5' title="bbox 111 427 1138 480; baseline 0.003 -14"><span class='ocrx_word' id='word_1_25' title='bbox 111 427 260 467; x_wconf 84' lang='lat' dir='ltr'><strong>Rursus</strong></span> <span class='ocrx_word' id='word_1_26' title='bbox 292 434 331 467; x_wconf 91' lang='lat' dir='ltr'><strong>et</strong></span> <span class='ocrx_word' id='word_1_27' title='bbox 359 429 553 480; x_wconf 75' lang='lat' dir='ltr'>incipiant</span> <span class='ocrx_word' id='word_1_28' title='bbox 581 428 623 467; x_wconf 94' lang='lat' dir='ltr'><strong>in</strong></span> <span class='ocrx_word' id='word_1_29' title='bbox 653 441 821 480; x_wconf 88' lang='lat' dir='ltr'><strong>corpora</strong></span> <span class='ocrx_word' id='word_1_30' title='bbox 849 429 948 468; x_wconf 87' lang='lat' dir='ltr'><strong>velle</strong></span> <span class='ocrx_word' id='word_1_31' title='bbox 977 431 1138 470; x_wconf 88' lang='lat' dir='ltr'><strong>reverti.</strong></span> 
     </span>
     <span class='ocr_line' id='line_1_6' title="bbox 220 482 1265 537; baseline 0.003 -16"><span class='ocrx_word' id='word_1_32' title='bbox 220 482 380 523; x_wconf 84' lang='lat' dir='ltr'><strong>Dixerat</strong></span> <span class='ocrx_word' id='word_1_33' title='bbox 408 483 615 530; x_wconf 82' lang='lat' dir='ltr'><strong>Anchises,</strong></span> <span class='ocrx_word' id='word_1_34' title='bbox 646 491 860 535; x_wconf 89' lang='lat' dir='ltr'><strong>natumque</strong></span> <span class='ocrx_word' id='word_1_35' title='bbox 891 497 1045 536; x_wconf 87' lang='lat' dir='ltr'><strong>unaque</strong></span> <span class='ocrx_word' id='word_1_36' title='bbox 1077 485 1265 537; x_wconf 79' lang='lat' dir='ltr'><strong>Sibyllam</strong></span> 
     </span>
     <span class='ocr_line' id='line_1_7' title="bbox 111 536 1248 590; baseline 0.004 -14"><span class='ocrx_word' id='word_1_37' title='bbox 111 536 332 577; x_wconf 86' lang='lat' dir='ltr'><strong>Conventus</strong></span> <span class='ocrx_word' id='word_1_38' title='bbox 364 539 484 578; x_wconf 88' lang='lat' dir='ltr'><strong>trahit</strong></span> <span class='ocrx_word' id='word_1_39' title='bbox 512 538 553 577; x_wconf 90' lang='lat' dir='ltr'><strong>in</strong></span> <span class='ocrx_word' id='word_1_40' title='bbox 581 538 738 578; x_wconf 90' lang='lat' dir='ltr'><strong>medios</strong></span> <span class='ocrx_word' id='word_1_41' title='bbox 767 539 998 590; x_wconf 82' lang='lat' dir='ltr'><strong>turbamque</strong></span> <span class='ocrx_word' id='word_1_42' title='bbox 1028 546 1248 587; x_wconf 89' lang='lat' dir='ltr'><strong>sonantem,</strong></span> 
     </span>
     <span class='ocr_line' id='line_1_8' title="bbox 107 592 1307 647; baseline 0.004 -17"><span class='ocrx_word' id='word_1_43' title='bbox 107 592 158 630; x_wconf 89' lang='lat' dir='ltr'><strong>Et</strong></span> <span class='ocrx_word' id='word_1_44' title='bbox 187 593 377 632; x_wconf 90' lang='lat' dir='ltr'><strong>tumulum</strong></span> <span class='ocrx_word' id='word_1_45' title='bbox 407 594 526 645; x_wconf 80' lang='lat' dir='ltr'><strong>capit,</strong></span> <span class='ocrx_word' id='word_1_46' title='bbox 557 594 661 634; x_wconf 90' lang='lat' dir='ltr'><strong>unde</strong></span> <span class='ocrx_word' id='word_1_47' title='bbox 692 594 821 634; x_wconf 91' lang='lat' dir='ltr'><strong>omnis</strong></span> <span class='ocrx_word' id='word_1_48' title='bbox 850 595 967 645; x_wconf 88' lang='lat' dir='ltr'><strong>longo</strong></span> <span class='ocrx_word' id='word_1_49' title='bbox 1000 596 1138 635; x_wconf 88' lang='lat' dir='ltr'><strong>ordine</strong></span> <span class='ocrx_word' id='word_1_50' title='bbox 1168 603 1307 647; x_wconf 89' lang='lat' dir='ltr'><strong>posset</strong></span> 
     </span>
    </p>
   </div>
   <div class='ocr_carea' id='block_1_3' title="bbox 107 647 1163 698">
    <p class='ocr_par' dir='ltr' id='par_1_3' title="bbox 107 647 1163 698">
     <span class='ocr_line' id='line_1_9' title="bbox 107 647 1163 698; baseline 0.005 -13"><span class='ocrx_word' id='word_1_51' title='bbox 107 647 305 687; x_wconf 82' lang='lat' dir='ltr'><strong>Adversos</strong></span> <span class='ocrx_word' id='word_1_52' title='bbox 335 648 478 698; x_wconf 87' lang='lat' dir='ltr'><strong>legere,</strong></span> <span class='ocrx_word' id='word_1_53' title='bbox 510 654 550 688; x_wconf 83' lang='lat' dir='ltr'><strong>et</strong></span> <span class='ocrx_word' id='word_1_54' title='bbox 577 650 804 689; x_wconf 89' lang='lat' dir='ltr'><strong>venientum</strong></span> <span class='ocrx_word' id='word_1_55' title='bbox 836 649 990 689; x_wconf 86' lang='lat' dir='ltr'><strong>discere</strong></span> <span class='ocrx_word' id='word_1_56' title='bbox 1019 652 1163 691; x_wconf 89' lang='lat' dir='ltr'><strong>voltus.</strong></span> 
     </span>
    </p>
   </div>
   <div class='ocr_carea' id='block_1_4' title="bbox 104 703 1417 1638">
    <p class='ocr_par' dir='ltr' id='par_1_4' title="bbox 107 703 1417 917">
     <span class='ocr_line' id='line_1_10' title="bbox 219 703 1417 757; baseline 0.004 -16"><span class='ocrx_word' id='word_1_57' title='bbox 219 703 331 742; x_wconf 90' lang='lat' dir='ltr'><strong>Nunc</strong></span> <span class='ocrx_word' id='word_1_58' title='bbox 361 715 444 753; x_wconf 91' lang='lat' dir='ltr'><strong>age,</strong></span> <span class='ocrx_word' id='word_1_59' title='bbox 474 704 711 743; x_wconf 82' lang='lat' dir='ltr'><strong>Dardaniam</strong></span> <span class='ocrx_word' id='word_1_60' title='bbox 741 704 892 755; x_wconf 92' lang='lat' dir='ltr'><strong>prolem</strong></span> <span class='ocrx_word' id='word_1_61' title='bbox 924 717 1024 756; x_wconf 90' lang='lat' dir='ltr'><strong>quae</strong></span> <span class='ocrx_word' id='word_1_62' title='bbox 1055 705 1197 746; x_wconf 88' lang='lat' dir='ltr'><strong>deinde</strong></span> <span class='ocrx_word' id='word_1_63' title='bbox 1229 712 1417 757; x_wconf 88' lang='lat' dir='ltr'><strong>sequatur</strong></span> 
     </span>
     <span class='ocr_line' id='line_1_11' title="bbox 110 756 1120 811; baseline 0.005 -16"><span class='ocrx_word' id='word_1_64' title='bbox 110 756 254 804; x_wconf 85' lang='lat' dir='ltr'><strong>Gloria,</strong></span> <span class='ocrx_word' id='word_1_65' title='bbox 287 758 352 809; x_wconf 89' lang='lat' dir='ltr'><strong>qui</strong></span> <span class='ocrx_word' id='word_1_66' title='bbox 383 765 567 798; x_wconf 87' lang='lat' dir='ltr'><strong>maneant</strong></span> <span class='ocrx_word' id='word_1_67' title='bbox 587 759 684 798; x_wconf 84' lang='lat' dir='ltr'><strong>Itala</strong></span> <span class='ocrx_word' id='word_1_68' title='bbox 715 760 764 799; x_wconf 64' lang='lat' dir='ltr'><strong>de·</strong></span> <span class='ocrx_word' id='word_1_69' title='bbox 795 766 909 810; x_wconf 89' lang='lat' dir='ltr'><strong>gente</strong></span> <span class='ocrx_word' id='word_1_70' title='bbox 940 767 1120 811; x_wconf 86' lang='lat' dir='ltr'><strong>nepotes,</strong></span> 
     </span>
     <span class='ocr_line' id='line_1_12' title="bbox 107 812 1177 865; baseline 0.005 -15"><span class='ocrx_word' id='word_1_71' title='bbox 107 812 291 852; x_wconf 84' lang='lat' dir='ltr'><strong>Inlustris</strong></span> <span class='ocrx_word' id='word_1_72' title='bbox 322 814 475 852; x_wconf 89' lang='lat' dir='ltr'><strong>animas</strong></span> <span class='ocrx_word' id='word_1_73' title='bbox 504 820 762 865; x_wconf 88' lang='lat' dir='ltr'><strong>nostrumque</strong></span> <span class='ocrx_word' id='word_1_74' title='bbox 793 815 834 852; x_wconf 90' lang='lat' dir='ltr'><strong>in</strong></span> <span class='ocrx_word' id='word_1_75' title='bbox 865 828 1009 853; x_wconf 91' lang='lat' dir='ltr'><strong>nomen</strong></span> <span class='ocrx_word' id='word_1_76' title='bbox 1040 816 1177 863; x_wconf 82' lang='lat' dir='ltr'><strong>ituras,</strong></span> 
     </span>
     <span class='ocr_line' id='line_1_13' title="bbox 107 867 1068 917; baseline 0.002 -12"><span class='ocrx_word' id='word_1_77' title='bbox 107 867 323 917; x_wconf 87' lang='lat' dir='ltr'><strong>Expediam</strong></span> <span class='ocrx_word' id='word_1_78' title='bbox 354 869 483 915; x_wconf 78' lang='lat' dir='ltr'><strong>dictis,</strong></span> <span class='ocrx_word' id='word_1_79' title='bbox 515 875 554 907; x_wconf 87' lang='lat' dir='ltr'><strong>et</strong></span> <span class='ocrx_word' id='word_1_80' title='bbox 583 875 620 907; x_wconf 88' lang='lat' dir='ltr'><strong>te</strong></span> <span class='ocrx_word' id='word_1_81' title='bbox 651 876 715 907; x_wconf 91' lang='lat' dir='ltr'><strong>tua</strong></span> <span class='ocrx_word' id='word_1_82' title='bbox 747 870 826 907; x_wconf 84' lang='lat' dir='ltr'><strong>fata</strong></span> <span class='ocrx_word' id='word_1_83' title='bbox 858 870 1023 908; x_wconf 84' lang='lat' dir='ltr'><strong>docebo.</strong></span> <span class='ocrx_word' id='word_1_84' title='bbox 1066 912 1068 914; x_wconf 53' lang='grc'><strong>,</strong></span> 
     </span>
    </p>

    <p class='ocr_par' dir='ltr' id='par_1_5' title="bbox 105 922 1254 1247">
     <span class='ocr_line' id='line_1_14' title="bbox 105 922 1076 973; baseline 0.002 -13"><span class='ocrx_word' id='word_1_85' title='bbox 105 922 188 968; x_wconf 87' lang='lat' dir='ltr'><strong>Ille,</strong></span> <span class='ocrx_word' id='word_1_86' title='bbox 220 923 342 969; x_wconf 90' lang='lat' dir='ltr'><strong>vides,</strong></span> <span class='ocrx_word' id='word_1_87' title='bbox 372 935 470 973; x_wconf 86' lang='lat' dir='ltr'><strong>pura</strong></span> <span class='ocrx_word' id='word_1_88' title='bbox 500 923 653 961; x_wconf 90' lang='lat' dir='ltr'><strong>iuvenis</strong></span> <span class='ocrx_word' id='word_1_89' title='bbox 686 923 752 973; x_wconf 90' lang='lat' dir='ltr'><strong>qui</strong></span> <span class='ocrx_word' id='word_1_90' title='bbox 784 923 922 962; x_wconf 88' lang='lat' dir='ltr'><strong>nititur</strong></span> <span class='ocrx_word' id='word_1_91' title='bbox 950 924 1076 970; x_wconf 90' lang='lat' dir='ltr'><strong>hasta,</strong></span> 
     </span>
     <span class='ocr_line' id='line_1_15' title="bbox 106 976 1254 1028; baseline 0.003 -14"><span class='ocrx_word' id='word_1_92' title='bbox 106 977 301 1015; x_wconf 86' lang='lat' dir='ltr'><strong>Proxuma</strong></span> <span class='ocrx_word' id='word_1_93' title='bbox 332 982 439 1015; x_wconf 88' lang='lat' dir='ltr'><strong>sorte</strong></span> <span class='ocrx_word' id='word_1_94' title='bbox 469 983 577 1016; x_wconf 91' lang='lat' dir='ltr'><strong>tenet</strong></span> <span class='ocrx_word' id='word_1_95' title='bbox 604 976 706 1015; x_wconf 90' lang='lat' dir='ltr'><strong>lucis</strong></span> <span class='ocrx_word' id='word_1_96' title='bbox 735 977 843 1023; x_wconf 88' lang='lat' dir='ltr'><strong>loca,</strong></span> <span class='ocrx_word' id='word_1_97' title='bbox 875 978 1027 1028; x_wconf 89' lang='lat' dir='ltr'><strong>primus</strong></span> <span class='ocrx_word' id='word_1_98' title='bbox 1060 979 1109 1016; x_wconf 92' lang='lat' dir='ltr'><strong>ad</strong></span> <span class='ocrx_word' id='word_1_99' title='bbox 1140 991 1254 1017; x_wconf 89' lang='lat' dir='ltr'><strong>auras</strong></span> 
     </span>
     <span class='ocr_line' id='line_1_16' title="bbox 107 1032 1106 1082; baseline 0.001 -12"><span class='ocrx_word' id='word_1_100' title='bbox 107 1032 312 1070; x_wconf 83' lang='lat' dir='ltr'><strong>Aetherias</strong></span> <span class='ocrx_word' id='word_1_101' title='bbox 342 1032 441 1070; x_wconf 87' lang='lat' dir='ltr'><strong>Italo</strong></span> <span class='ocrx_word' id='word_1_102' title='bbox 474 1032 708 1070; x_wconf 83' lang='lat' dir='ltr'><strong>commixtus</strong></span> <span class='ocrx_word' id='word_1_103' title='bbox 738 1032 929 1082; x_wconf 85' lang='lat' dir='ltr'><strong>sanguine</strong></span> <span class='ocrx_word' id='word_1_104' title='bbox 961 1038 1106 1082; x_wconf 85' lang='lat' dir='ltr'><strong>surget,</strong></span> 
     </span>
     <span class='ocr_line' id='line_1_17' title="bbox 108 1086 1165 1138; baseline 0.001 -13"><span class='ocrx_word' id='word_1_105' title='bbox 108 1086 266 1133; x_wconf 89' lang='lat' dir='ltr'><strong>Silvius,</strong></span> <span class='ocrx_word' id='word_1_106' title='bbox 296 1087 489 1125; x_wconf 87' lang='lat' dir='ltr'><strong>Albanum</strong></span> <span class='ocrx_word' id='word_1_107' title='bbox 520 1099 676 1133; x_wconf 84' lang='lat' dir='ltr'><strong>nomen,</strong></span> <span class='ocrx_word' id='word_1_108' title='bbox 710 1092 774 1126; x_wconf 87' lang='lat' dir='ltr'><strong>tua</strong></span> <span class='ocrx_word' id='word_1_109' title='bbox 805 1093 988 1137; x_wconf 84' lang='lat' dir='ltr'><strong>postuma</strong></span> <span class='ocrx_word' id='word_1_110' title='bbox 1018 1088 1165 1138; x_wconf 88' lang='lat' dir='ltr'><strong>proles,</strong></span> 
     </span>
     <span class='ocr_line' id='line_1_18' title="bbox 109 1141 1121 1191; baseline 0.001 -11"><span class='ocrx_word' id='word_1_111' title='bbox 109 1142 235 1188; x_wconf 87' lang='lat' dir='ltr'><strong>Quem</strong></span> <span class='ocrx_word' id='word_1_112' title='bbox 265 1141 338 1180; x_wconf 89' lang='lat' dir='ltr'><strong>tibi</strong></span> <span class='ocrx_word' id='word_1_113' title='bbox 370 1143 561 1191; x_wconf 86' lang='lat' dir='ltr'><strong>longaevo</strong></span> <span class='ocrx_word' id='word_1_114' title='bbox 593 1154 723 1180; x_wconf 89' lang='lat' dir='ltr'><strong>serum</strong></span> <span class='ocrx_word' id='word_1_115' title='bbox 755 1142 916 1180; x_wconf 88' lang='lat' dir='ltr'><strong>Lavinia</strong></span> <span class='ocrx_word' id='word_1_116' title='bbox 950 1142 1121 1181; x_wconf 80' lang='lat' dir='ltr'><strong>coniunx</strong></span> 
     </span>
     <span class='ocr_line' id='line_1_19' title="bbox 105 1197 1051 1247; baseline 0 -12"><span class='ocrx_word' id='word_1_117' title='bbox 105 1197 258 1235; x_wconf 86' lang='lat' dir='ltr'><strong>Educet</strong></span> <span class='ocrx_word' id='word_1_118' title='bbox 288 1197 397 1235; x_wconf 86' lang='lat' dir='ltr'><strong>silvis</strong></span> <span class='ocrx_word' id='word_1_119' title='bbox 427 1208 561 1246; x_wconf 83' lang='lat' dir='ltr'><strong>regem</strong></span> <span class='ocrx_word' id='word_1_120' title='bbox 590 1208 804 1247; x_wconf 86' lang='lat' dir='ltr'><strong>regumque</strong></span> <span class='ocrx_word' id='word_1_121' title='bbox 834 1203 1051 1247; x_wconf 88' lang='lat' dir='ltr'><strong>parentem,</strong></span> 
     </span>
    </p>

    <p class='ocr_par' dir='ltr' id='par_1_6' title="bbox 105 1251 1185 1356">
     <span class='ocr_line' id='line_1_20' title="bbox 106 1251 1185 1301; baseline 0 -11"><span class='ocrx_word' id='word_1_122' title='bbox 106 1252 218 1290; x_wconf 88' lang='lat' dir='ltr'><strong>Unde</strong></span> <span class='ocrx_word' id='word_1_123' title='bbox 250 1263 372 1300; x_wconf 85' lang='lat' dir='ltr'><strong>genus</strong></span> <span class='ocrx_word' id='word_1_124' title='bbox 401 1253 536 1301; x_wconf 89' lang='lat' dir='ltr'><strong>Longa</strong></span> <span class='ocrx_word' id='word_1_125' title='bbox 568 1257 745 1290; x_wconf 87' lang='lat' dir='ltr'><strong>nostrum</strong></span> <span class='ocrx_word' id='word_1_126' title='bbox 779 1252 1046 1290; x_wconf 88' lang='lat' dir='ltr'><strong>dominabitur</strong></span> <span class='ocrx_word' id='word_1_127' title='bbox 1074 1251 1185 1290; x_wconf 90' lang='lat' dir='ltr'><strong>Alba.</strong></span> 
     </span>
     <span class='ocr_line' id='line_1_21' title="bbox 105 1305 1171 1356; baseline 0.001 -12"><span class='ocrx_word' id='word_1_128' title='bbox 105 1307 324 1345; x_wconf 84' lang='lat' dir='ltr'><strong>Proxumus</strong></span> <span class='ocrx_word' id='word_1_129' title='bbox 355 1305 420 1346; x_wconf 89' lang='lat' dir='ltr'><strong>ille</strong></span> <span class='ocrx_word' id='word_1_130' title='bbox 450 1307 618 1353; x_wconf 83' lang='lat' dir='ltr'><strong>Procas,</strong></span> <span class='ocrx_word' id='word_1_131' title='bbox 649 1306 845 1346; x_wconf 85' lang='lat' dir='ltr'><strong>Troianae</strong></span> <span class='ocrx_word' id='word_1_132' title='bbox 875 1306 1001 1356; x_wconf 88' lang='lat' dir='ltr'><strong>gloria</strong></span> <span class='ocrx_word' id='word_1_133' title='bbox 1031 1307 1171 1356; x_wconf 77' lang='lat' dir='ltr'><strong>gentis,</strong></span> 
     </span>
    </p>

    <p class='ocr_par' dir='ltr' id='par_1_7' title="bbox 104 1361 1273 1638">
     <span class='ocr_line' id='line_1_22' title="bbox 106 1361 1215 1412; baseline -0.001 -12"><span class='ocrx_word' id='word_1_134' title='bbox 106 1361 156 1400; x_wconf 89' lang='lat' dir='ltr'><strong>Et</strong></span> <span class='ocrx_word' id='word_1_135' title='bbox 187 1362 326 1411; x_wconf 71' lang='lat' dir='ltr'><strong>Capys,</strong></span> <span class='ocrx_word' id='word_1_136' title='bbox 357 1367 396 1400; x_wconf 89' lang='lat' dir='ltr'><strong>et</strong></span> <span class='ocrx_word' id='word_1_137' title='bbox 424 1361 616 1407; x_wconf 87' lang='lat' dir='ltr'><strong>Numitor,</strong></span> <span class='ocrx_word' id='word_1_138' title='bbox 649 1368 688 1400; x_wconf 83' lang='lat' dir='ltr'><strong>et</strong></span> <span class='ocrx_word' id='word_1_139' title='bbox 719 1362 783 1412; x_wconf 85' lang='lat' dir='ltr'><strong>qui</strong></span> <span class='ocrx_word' id='word_1_140' title='bbox 816 1368 854 1400; x_wconf 91' lang='lat' dir='ltr'><strong>te</strong></span> <span class='ocrx_word' id='word_1_141' title='bbox 884 1362 1045 1400; x_wconf 92' lang='lat' dir='ltr'><strong>nomine</strong></span> <span class='ocrx_word' id='word_1_142' title='bbox 1074 1361 1215 1401; x_wconf 91' lang='lat' dir='ltr'><strong>reddet</strong></span> 
     </span>
     <span class='ocr_line' id='line_1_23' title="bbox 107 1416 1052 1467; baseline 0 -12"><span class='ocrx_word' id='word_1_143' title='bbox 107 1416 252 1455; x_wconf 86' lang='lat' dir='ltr'><strong>Silvius</strong></span> <span class='ocrx_word' id='word_1_144' title='bbox 282 1417 456 1463; x_wconf 85' lang='lat' dir='ltr'><strong>Aeneas,</strong></span> <span class='ocrx_word' id='word_1_145' title='bbox 486 1417 637 1467; x_wconf 86' lang='lat' dir='ltr'><strong>pariter</strong></span> <span class='ocrx_word' id='word_1_146' title='bbox 666 1417 812 1466; x_wconf 89' lang='lat' dir='ltr'><strong>pietate</strong></span> <span class='ocrx_word' id='word_1_147' title='bbox 842 1417 902 1454; x_wconf 83' lang='lat' dir='ltr'><strong>vel</strong></span> <span class='ocrx_word' id='word_1_148' title='bbox 932 1417 1052 1455; x_wconf 87' lang='lat' dir='ltr'><strong>armis</strong></span> 
     </span>
     <span class='ocr_line' id='line_1_24' title="bbox 104 1471 1273 1522; baseline -0.001 -13"><span class='ocrx_word' id='word_1_149' title='bbox 104 1471 310 1521; x_wconf 82' lang='lat' dir='ltr'><strong>Egregius,</strong></span> <span class='ocrx_word' id='word_1_150' title='bbox 342 1471 376 1509; x_wconf 93' lang='lat' dir='ltr'><strong>si</strong></span> <span class='ocrx_word' id='word_1_151' title='bbox 407 1484 590 1522; x_wconf 89' lang='lat' dir='ltr'><strong>umquam</strong></span> <span class='ocrx_word' id='word_1_152' title='bbox 622 1472 863 1520; x_wconf 89' lang='lat' dir='ltr'><strong>regnandam</strong></span> <span class='ocrx_word' id='word_1_153' title='bbox 895 1472 1094 1522; x_wconf 85' lang='lat' dir='ltr'><strong>acceperit</strong></span> <span class='ocrx_word' id='word_1_154' title='bbox 1123 1471 1273 1509; x_wconf 90' lang='lat' dir='ltr'><strong>Albam.</strong></span> 
     </span>
     <span class='ocr_line' id='line_1_25' title="bbox 109 1525 1162 1577; baseline -0.001 -13"><span class='ocrx_word' id='word_1_155' title='bbox 109 1526 186 1572; x_wconf 86' lang='lat' dir='ltr'><strong>Qui</strong></span> <span class='ocrx_word' id='word_1_156' title='bbox 216 1525 399 1565; x_wconf 88' lang='lat' dir='ltr'><strong>iuvenes!</strong></span> <span class='ocrx_word' id='word_1_157' title='bbox 434 1532 599 1577; x_wconf 86' lang='lat' dir='ltr'><strong>quantas</strong></span> <span class='ocrx_word' id='word_1_158' title='bbox 632 1532 844 1573; x_wconf 83' lang='lat' dir='ltr'><strong>ostentant,</strong></span> <span class='ocrx_word' id='word_1_159' title='bbox 876 1527 1023 1577; x_wconf 87' lang='lat' dir='ltr'><strong>aspice,</strong></span> <span class='ocrx_word' id='word_1_160' title='bbox 1055 1526 1162 1571; x_wconf 87' lang='lat' dir='ltr'><strong>viris,</strong></span> 
     </span>
     <span class='ocr_line' id='line_1_26' title="bbox 107 1580 1158 1638; baseline 0 -20"><span class='ocrx_word' id='word_1_161' title='bbox 107 1582 234 1631; x_wconf 84' lang='lat' dir='ltr'><strong>Atque</strong></span> <span class='ocrx_word' id='word_1_162' title='bbox 264 1581 443 1620; x_wconf 84' lang='lat' dir='ltr'><strong>umbrata</strong></span> <span class='ocrx_word' id='word_1_163' title='bbox 473 1587 614 1630; x_wconf 85' lang='lat' dir='ltr'><strong>gerunt</strong></span> <span class='ocrx_word' id='word_1_164' title='bbox 644 1581 750 1620; x_wconf 81' lang='lat' dir='ltr'><strong>civili</strong></span> <span class='ocrx_word' id='word_1_165' title='bbox 782 1588 957 1632; x_wconf 84' lang='lat' dir='ltr'><strong>tempora</strong></span> <span class='ocrx_word' id='word_1_166' title='bbox 991 1580 1158 1638; x_wconf 39' lang='lat' dir='ltr'><strong>que-reu!</strong></span> 
     </span>
    </p>
   </div>
   <div class='ocr_carea' id='block_1_5' title="bbox 107 1723 784 2557">
    <p class='ocr_par' dir='ltr' id='par_1_8' title="bbox 108 1723 784 1842">
     <span class='ocr_line' id='line_1_27' title="bbox 111 1723 784 1756; baseline -0.004 0"><span class='ocrx_word' id='word_1_167' title='bbox 111 1724 164 1756; x_wconf 83' lang='lat'><strong>83.</strong></span> <span class='ocrx_word' id='word_1_168' title='bbox 188 1724 264 1755; x_wconf 88' lang='lat'><strong>506.</strong></span> <span class='ocrx_word' id='word_1_169' title='bbox 293 1739 333 1745; x_wconf 92' lang='lat'>-</span> <span class='ocrx_word' id='word_1_170' title='bbox 363 1726 426 1754; x_wconf 76' lang='lat' dir='ltr'><strong>rot.</strong></span> <span class='ocrx_word' id='word_1_171' title='bbox 454 1723 539 1754; x_wconf 81' lang='grc' dir='ltr'><strong>υοίυ.</strong></span> <span class='ocrx_word' id='word_1_172' title='bbox 589 1726 668 1754; x_wconf 70' lang='lat' dir='ltr'><strong>rota</strong></span> <span class='ocrx_word' id='word_1_173' title='bbox 694 1723 784 1753; x_wconf 81' lang='lat' dir='ltr'><strong>(lient</strong></span> 
     </span>
     <span class='ocr_line' id='line_1_28' title="bbox 109 1766 783 1806; baseline -0.001 -8"><span class='ocrx_word' id='word_1_174' title='bbox 109 1767 220 1806; x_wconf 69' lang='lat' dir='ltr'><strong>haufig</strong></span> <span class='ocrx_word' id='word_1_175' title='bbox 243 1776 304 1797; x_wconf 88' lang='lat' dir='ltr'><strong>zur</strong></span> <span class='ocrx_word' id='word_1_176' title='bbox 328 1766 558 1806; x_wconf 81' lang='lat' dir='ltr'><strong>Bezeichuung</strong></span> <span class='ocrx_word' id='word_1_177' title='bbox 583 1767 640 1798; x_wconf 86' lang='lat' dir='ltr'><strong>des</strong></span> <span class='ocrx_word' id='word_1_178' title='bbox 669 1766 783 1798; x_wconf 77' lang='lat' dir='ltr'><strong>Kreis-</strong></span> 
     </span>
     <span class='ocr_line' id='line_1_29' title="bbox 108 1811 228 1842; baseline -0.008 0"><span class='ocrx_word' id='word_1_179' title='bbox 108 1811 228 1842; x_wconf 87' lang='lat' dir='ltr'><strong>laufes.</strong></span> 
     </span>
    </p>

    <p class='ocr_par' dir='ltr' id='par_1_9' title="bbox 107 1855 782 2328">
     <span class='ocr_line' id='line_1_30' title="bbox 152 1855 781 1895; baseline 0 -9"><span class='ocrx_word' id='word_1_180' title='bbox 152 1865 184 1886; x_wconf 84' lang='lat' dir='ltr'><strong>v.</strong></span> <span class='ocrx_word' id='word_1_181' title='bbox 214 1856 396 1887; x_wconf 76' lang='lat'><strong>752—59.</strong></span> <span class='ocrx_word' id='word_1_182' title='bbox 438 1855 568 1895; x_wconf 74' lang='lat' dir='ltr'><strong>legere,</strong></span> <span class='ocrx_word' id='word_1_183' title='bbox 602 1855 652 1886; x_wconf 91' lang='lat' dir='ltr'><strong>ins</strong></span> <span class='ocrx_word' id='word_1_184' title='bbox 688 1856 781 1893; x_wconf 83' lang='lat' dir='ltr'><strong>Auge</strong></span> 
     </span>
     <span class='ocr_line' id='line_1_31' title="bbox 108 1898 781 1935; baseline 0 -6"><span class='ocrx_word' id='word_1_185' title='bbox 108 1899 230 1935; x_wconf 84' lang='lat' dir='ltr'><strong>fassen,</strong></span> <span class='ocrx_word' id='word_1_186' title='bbox 259 1903 417 1929; x_wconf 84' lang='lat' dir='ltr'><strong>mustern.</strong></span> <span class='ocrx_word' id='word_1_187' title='bbox 434 1917 477 1921; x_wconf 92' lang='lat'><strong>——</strong></span> <span class='ocrx_word' id='word_1_188' title='bbox 502 1898 610 1929; x_wconf 63' lang='lat' dir='ltr'><strong>Ile-ber</strong></span> <span class='ocrx_word' id='word_1_189' title='bbox 637 1899 698 1929; x_wconf 88' lang='lat' dir='ltr'><strong>den</strong></span> <span class='ocrx_word' id='word_1_190' title='bbox 718 1898 781 1930; x_wconf 90' lang='lat' dir='ltr'><strong>Ge-</strong></span> 
     </span>
     <span class='ocr_line' id='line_1_32' title="bbox 108 1942 778 1984; baseline -0.003 -9"><span class='ocrx_word' id='word_1_191' title='bbox 108 1948 244 1982; x_wconf 83' lang='lat' dir='ltr'><strong>gensatz</strong></span> <span class='ocrx_word' id='word_1_192' title='bbox 268 1953 330 1974; x_wconf 91' lang='lat' dir='ltr'><strong>von</strong></span> <span class='ocrx_word' id='word_1_193' title='bbox 343 1942 454 1974; x_wconf 71' lang='grc' dir='ltr'><em>Βανά.</em></span> <span class='ocrx_word' id='word_1_194' title='bbox 476 1943 595 1984; x_wconf 69' lang='lat' dir='ltr'><strong>proles</strong></span> <span class='ocrx_word' id='word_1_195' title='bbox 621 1943 778 1974; x_wconf 76' lang='lat' dir='ltr'><strong>unthal.</strong></span> 
     </span>
     <span class='ocr_line' id='line_1_33' title="bbox 109 1986 782 2028; baseline -0.003 -10"><span class='ocrx_word' id='word_1_196' title='bbox 109 1987 151 2019; x_wconf 81' lang='lat' dir='ltr'><strong>de</strong></span> <span class='ocrx_word' id='word_1_197' title='bbox 167 1990 271 2028; x_wconf 76' lang='lat' dir='ltr'><strong>gente</strong></span> <span class='ocrx_word' id='word_1_198' title='bbox 286 1997 361 2028; x_wconf 80' lang='lat' dir='ltr'><strong>nep.</strong></span> <span class='ocrx_word' id='word_1_199' title='bbox 387 1997 414 2018; x_wconf 86' lang='lat' dir='ltr'><strong>s.</strong></span> <span class='ocrx_word' id='word_1_200' title='bbox 428 1997 457 2017; x_wconf 90' lang='lat' dir='ltr'><strong>z.</strong></span> <span class='ocrx_word' id='word_1_201' title='bbox 470 1988 509 2018; x_wconf 78' lang='lat' dir='ltr'><strong>A.</strong></span> <span class='ocrx_word' id='word_1_202' title='bbox 523 1986 546 2023; x_wconf 80' lang='grc' dir='ltr'><strong>Ι,</strong></span> <span class='ocrx_word' id='word_1_203' title='bbox 565 1988 615 2020; x_wconf 87' lang='lat'><strong>19.</strong></span> <span class='ocrx_word' id='word_1_204' title='bbox 645 1987 703 2018; x_wconf 89' lang='lat' dir='ltr'><strong>Bei</strong></span> <span class='ocrx_word' id='word_1_205' title='bbox 720 1988 782 2027; x_wconf 81' lang='lat' dir='ltr'><strong>qui</strong></span> 
     </span>
     <span class='ocr_line' id='line_1_34' title="bbox 107 2030 780 2071; baseline -0.003 -8"><span class='ocrx_word' id='word_1_206' title='bbox 107 2035 275 2063; x_wconf 78' lang='lat' dir='ltr'><strong>maneant</strong></span> <span class='ocrx_word' id='word_1_207' title='bbox 298 2032 341 2062; x_wconf 87' lang='lat' dir='ltr'><strong>ist</strong></span> <span class='ocrx_word' id='word_1_208' title='bbox 356 2032 420 2062; x_wconf 76' lang='lat' dir='ltr'><strong>tibi</strong></span> <span class='ocrx_word' id='word_1_209' title='bbox 433 2041 473 2062; x_wconf 91' lang='lat' dir='ltr'><strong>zu</strong></span> <span class='ocrx_word' id='word_1_210' title='bbox 488 2033 670 2071; x_wconf 60' lang='lat' dir='ltr'><strong>ergiinzen:</strong></span> <span class='ocrx_word' id='word_1_211' title='bbox 699 2030 780 2061; x_wconf 76' lang='lat' dir='ltr'><strong>wel-</strong></span> 
     </span>
     <span class='ocr_line' id='line_1_35' title="bbox 109 2075 781 2107; baseline -0.001 0"><span class='ocrx_word' id='word_1_212' title='bbox 109 2077 168 2107; x_wconf 87' lang='lat' dir='ltr'><strong>che</strong></span> <span class='ocrx_word' id='word_1_213' title='bbox 193 2075 300 2107; x_wconf 85' lang='lat' dir='ltr'><strong>Enkel</strong></span> <span class='ocrx_word' id='word_1_214' title='bbox 325 2076 367 2106; x_wconf 89' lang='lat' dir='ltr'><strong>du</strong></span> <span class='ocrx_word' id='word_1_215' title='bbox 393 2081 561 2107; x_wconf 85' lang='lat' dir='ltr'><strong>erwarten</strong></span> <span class='ocrx_word' id='word_1_216' title='bbox 587 2075 705 2106; x_wconf 79' lang='lat' dir='ltr'><strong>darfst.</strong></span> <span class='ocrx_word' id='word_1_217' title='bbox 737 2093 781 2098; x_wconf 97' lang='lat'>—</span> 
     </span>
     <span class='ocr_line' id='line_1_36' title="bbox 108 2119 780 2159; baseline -0.003 -8"><span class='ocrx_word' id='word_1_218' title='bbox 108 2123 216 2151; x_wconf 70' lang='lat' dir='ltr'><strong>nostr.</strong></span> <span class='ocrx_word' id='word_1_219' title='bbox 244 2121 280 2150; x_wconf 82' lang='lat' dir='ltr'><strong>in</strong></span> <span class='ocrx_word' id='word_1_220' title='bbox 304 2129 395 2151; x_wconf 74' lang='lat' dir='ltr'><strong>nom.</strong></span> <span class='ocrx_word' id='word_1_221' title='bbox 422 2121 457 2150; x_wconf 73' lang='lat' dir='ltr'><strong>it.</strong></span> <span class='ocrx_word' id='word_1_222' title='bbox 472 2144 480 2159; x_wconf 87' lang='lat'><strong>,</strong></span> <span class='ocrx_word' id='word_1_223' title='bbox 506 2119 618 2150; x_wconf 87' lang='lat' dir='ltr'><strong>Erben</strong></span> <span class='ocrx_word' id='word_1_224' title='bbox 644 2129 780 2150; x_wconf 88' lang='lat' dir='ltr'><strong>unseres</strong></span> 
     </span>
     <span class='ocr_line' id='line_1_37' title="bbox 107 2162 776 2203; baseline -0.003 -8"><span class='ocrx_word' id='word_1_225' title='bbox 107 2162 264 2196; x_wconf 83' lang='lat' dir='ltr'><strong>Namens.</strong></span> <span class='ocrx_word' id='word_1_226' title='bbox 315 2182 358 2187; x_wconf 89' lang='lat'><strong>——</strong></span> <span class='ocrx_word' id='word_1_227' title='bbox 384 2167 415 2194; x_wconf 80' lang='lat' dir='ltr'><strong>te</strong></span> <span class='ocrx_word' id='word_1_228' title='bbox 441 2167 501 2195; x_wconf 71' lang='lat' dir='ltr'><strong>tua</strong></span> <span class='ocrx_word' id='word_1_229' title='bbox 525 2163 549 2202; x_wconf 71' lang='grc' dir='ltr'><em>Ῐῖ</em></span> <span class='ocrx_word' id='word_1_230' title='bbox 576 2163 661 2203; x_wconf 85' lang='lat' dir='ltr'><strong>doc.,</strong></span> <span class='ocrx_word' id='word_1_231' title='bbox 688 2163 718 2194; x_wconf 90' lang='lat' dir='ltr'><strong>d.</strong></span> <span class='ocrx_word' id='word_1_232' title='bbox 746 2163 776 2193; x_wconf 87' lang='lat' dir='ltr'><strong>h.</strong></span> 
     </span>
     <span class='ocr_line' id='line_1_38' title="bbox 109 2207 781 2247; baseline -0.001 -8"><span class='ocrx_word' id='word_1_233' title='bbox 109 2208 159 2239; x_wconf 84' lang='lat' dir='ltr'><strong>ich</strong></span> <span class='ocrx_word' id='word_1_234' title='bbox 185 2207 255 2239; x_wconf 88' lang='lat' dir='ltr'><strong>will</strong></span> <span class='ocrx_word' id='word_1_235' title='bbox 280 2207 332 2239; x_wconf 89' lang='lat' dir='ltr'><strong>dir</strong></span> <span class='ocrx_word' id='word_1_236' title='bbox 356 2207 482 2247; x_wconf 65' lang='lat' dir='ltr'><strong>wigen,</strong></span> <span class='ocrx_word' id='word_1_237' title='bbox 511 2217 584 2238; x_wconf 89' lang='lat' dir='ltr'><strong>zum</strong></span> <span class='ocrx_word' id='word_1_238' title='bbox 600 2207 781 2238; x_wconf 72' lang='lat' dir='ltr'><strong>Stamnwa-</strong></span> 
     </span>
     <span class='ocr_line' id='line_1_39' title="bbox 108 2251 781 2284; baseline -0.003 0"><span class='ocrx_word' id='word_1_239' title='bbox 108 2257 161 2284; x_wconf 82' lang='lat' dir='ltr'><strong>ter</strong></span> <span class='ocrx_word' id='word_1_240' title='bbox 184 2251 328 2283; x_wconf 84' lang='lat' dir='ltr'><strong>welches</strong></span> <span class='ocrx_word' id='word_1_241' title='bbox 340 2251 464 2283; x_wconf 85' lang='lat' dir='ltr'><strong>Volkes</strong></span> <span class='ocrx_word' id='word_1_242' title='bbox 491 2252 533 2283; x_wconf 90' lang='lat' dir='ltr'><strong>du</strong></span> <span class='ocrx_word' id='word_1_243' title='bbox 557 2261 631 2283; x_wconf 84' lang='lat' dir='ltr'><strong>vom</strong></span> <span class='ocrx_word' id='word_1_244' title='bbox 648 2251 781 2283; x_wconf 79' lang='lat' dir='ltr'><strong>Seliick-</strong></span> 
     </span>
     <span class='ocr_line' id='line_1_40' title="bbox 109 2296 489 2328; baseline -0.003 0"><span class='ocrx_word' id='word_1_245' title='bbox 109 2296 160 2328; x_wconf 90' lang='lat' dir='ltr'><strong>sal</strong></span> <span class='ocrx_word' id='word_1_246' title='bbox 184 2297 387 2328; x_wconf 82' lang='lat' dir='ltr'><strong>auserkoren</strong></span> <span class='ocrx_word' id='word_1_247' title='bbox 412 2296 489 2327; x_wconf 87' lang='lat' dir='ltr'><strong>bist.</strong></span> 
     </span>
    </p>

    <p class='ocr_par' dir='ltr' id='par_1_10' title="bbox 109 2339 781 2557">
     <span class='ocr_line' id='line_1_41' title="bbox 153 2339 781 2382; baseline 0 -11"><span class='ocrx_word' id='word_1_248' title='bbox 153 2351 185 2371; x_wconf 88' lang='lat' dir='ltr'><strong>v.</strong></span> <span class='ocrx_word' id='word_1_249' title='bbox 222 2342 403 2373; x_wconf 69' lang='lat'><strong>760—76.</strong></span> <span class='ocrx_word' id='word_1_250' title='bbox 433 2350 530 2382; x_wconf 77' lang='lat' dir='ltr'><strong>pura</strong></span> <span class='ocrx_word' id='word_1_251' title='bbox 555 2341 664 2371; x_wconf 71' lang='lat' dir='ltr'><strong>hasta.</strong></span> <span class='ocrx_word' id='word_1_252' title='bbox 712 2339 781 2371; x_wconf 84' lang='lat' dir='ltr'><strong>Der</strong></span> 
     </span>
     <span class='ocr_line' id='line_1_42' title="bbox 109 2384 781 2416; baseline -0.003 0"><span class='ocrx_word' id='word_1_253' title='bbox 109 2384 219 2416; x_wconf 89' lang='lat' dir='ltr'><strong>blosse</strong></span> <span class='ocrx_word' id='word_1_254' title='bbox 246 2384 362 2416; x_wconf 79' lang='lat' dir='ltr'><strong>Schaft</strong></span> <span class='ocrx_word' id='word_1_255' title='bbox 386 2384 479 2416; x_wconf 86' lang='lat' dir='ltr'><strong>einer</strong></span> <span class='ocrx_word' id='word_1_256' title='bbox 496 2384 608 2416; x_wconf 87' lang='lat' dir='ltr'><strong>Lanze</strong></span> <span class='ocrx_word' id='word_1_257' title='bbox 633 2384 715 2415; x_wconf 91' lang='lat' dir='ltr'><strong>ohne</strong></span> <span class='ocrx_word' id='word_1_258' title='bbox 734 2384 781 2414; x_wconf 88' lang='lat' dir='ltr'><strong>ei-</strong></span> 
     </span>
     <span class='ocr_line' id='line_1_43' title="bbox 110 2427 780 2470; baseline -0.001 -10"><span class='ocrx_word' id='word_1_259' title='bbox 110 2438 207 2460; x_wconf 86' lang='lat' dir='ltr'><strong>serne</strong></span> <span class='ocrx_word' id='word_1_260' title='bbox 242 2428 353 2470; x_wconf 84' lang='lat' dir='ltr'><strong>Spitze</strong></span> <span class='ocrx_word' id='word_1_261' title='bbox 384 2429 501 2461; x_wconf 88' lang='lat' dir='ltr'><strong>wurde</strong></span> <span class='ocrx_word' id='word_1_262' title='bbox 540 2428 572 2460; x_wconf 92' lang='lat' dir='ltr'><strong>in</strong></span> <span class='ocrx_word' id='word_1_263' title='bbox 605 2428 666 2460; x_wconf 86' lang='lat' dir='ltr'><strong>den</strong></span> <span class='ocrx_word' id='word_1_264' title='bbox 700 2427 780 2459; x_wconf 70' lang='lat' dir='ltr'><strong>alte-</strong></span> 
     </span>
     <span class='ocr_line' id='line_1_44' title="bbox 111 2471 779 2505; baseline 0 -1"><span class='ocrx_word' id='word_1_265' title='bbox 111 2478 183 2505; x_wconf 85' lang='lat' dir='ltr'><strong>sten</strong></span> <span class='ocrx_word' id='word_1_266' title='bbox 206 2471 323 2504; x_wconf 86' lang='lat' dir='ltr'><strong>Zeiten</strong></span> <span class='ocrx_word' id='word_1_267' title='bbox 348 2472 396 2504; x_wconf 85' lang='lat' dir='ltr'><strong>als</strong></span> <span class='ocrx_word' id='word_1_268' title='bbox 433 2473 576 2504; x_wconf 85' lang='lat' dir='ltr'><strong>ehreude</strong></span> <span class='ocrx_word' id='word_1_269' title='bbox 601 2472 779 2504; x_wconf 87' lang='lat' dir='ltr'><strong>Auszeich—</strong></span> 
     </span>
     <span class='ocr_line' id='line_1_45' title="bbox 111 2515 780 2557; baseline -0.001 -9"><span class='ocrx_word' id='word_1_270' title='bbox 111 2526 198 2556; x_wconf 84' lang='lat' dir='ltr'><strong>nung</strong></span> <span class='ocrx_word' id='word_1_271' title='bbox 223 2517 276 2549; x_wconf 68' lang='lat' dir='ltr'><strong>fiir</strong></span> <span class='ocrx_word' id='word_1_272' title='bbox 300 2517 343 2548; x_wconf 86' lang='lat' dir='ltr'><strong>im</strong></span> <span class='ocrx_word' id='word_1_273' title='bbox 368 2517 491 2557; x_wconf 87' lang='lat' dir='ltr'><strong>Kriege</strong></span> <span class='ocrx_word' id='word_1_274' title='bbox 510 2517 699 2549; x_wconf 86' lang='lat' dir='ltr'><strong>bewiesene</strong></span> <span class='ocrx_word' id='word_1_275' title='bbox 715 2515 780 2548; x_wconf 82' lang='lat' dir='ltr'><strong>Ta-</strong></span> 
     </span>
    </p>
   </div>
   <div class='ocr_carea' id='block_1_6' title="bbox 853 161 1525 1849">
    <p class='ocr_par' dir='ltr' id='par_1_11' title="bbox 853 161 1525 1849">
     <span class='ocr_line' id='line_1_46' title="bbox 1447 161 1525 200; baseline 0 0"><span class='ocrx_word' id='word_1_276' title='bbox 1447 161 1525 200; x_wconf 85' lang='lat'><strong>197</strong></span> 
     </span>
     <span class='ocr_line' id='line_1_47' title="bbox 853 1720 1523 1764; baseline -0.001 -12"><span class='ocrx_word' id='word_1_277' title='bbox 853 1722 999 1764; x_wconf 84' lang='lat' dir='ltr'><strong>pserkeit</strong></span> <span class='ocrx_word' id='word_1_278' title='bbox 1015 1720 1196 1752; x_wconf 80' lang='lat' dir='ltr'><strong>verliehen.</strong></span> <span class='ocrx_word' id='word_1_279' title='bbox 1216 1739 1258 1744; x_wconf 90' lang='lat'><strong>--</strong></span> <span class='ocrx_word' id='word_1_280' title='bbox 1273 1720 1321 1751; x_wconf 82' lang='lat' dir='ltr'><strong>ad</strong></span> <span class='ocrx_word' id='word_1_281' title='bbox 1332 1730 1407 1751; x_wconf 77' lang='lat' dir='ltr'><strong>aur.</strong></span> <span class='ocrx_word' id='word_1_282' title='bbox 1423 1722 1523 1761; x_wconf 62' lang='lat' dir='ltr'><strong>aeth„</strong></span> 
     </span>
     <span class='ocr_line' id='line_1_48' title="bbox 853 1765 1520 1805; baseline -0.003 -8"><span class='ocrx_word' id='word_1_283' title='bbox 853 1777 880 1797; x_wconf 83' lang='lat' dir='ltr'><strong>s.</strong></span> <span class='ocrx_word' id='word_1_284' title='bbox 901 1766 983 1797; x_wconf 90' lang='lat' dir='ltr'><strong>oben</strong></span> <span class='ocrx_word' id='word_1_285' title='bbox 1002 1777 1031 1796; x_wconf 89' lang='lat' dir='ltr'><strong>z.</strong></span> <span class='ocrx_word' id='word_1_286' title='bbox 1051 1776 1083 1796; x_wconf 74' lang='lat' dir='ltr'><strong>v.</strong></span> <span class='ocrx_word' id='word_1_287' title='bbox 1104 1767 1176 1798; x_wconf 83' lang='lat'><strong>128.</strong></span> <span class='ocrx_word' id='word_1_288' title='bbox 1198 1783 1240 1789; x_wconf 97' lang='lat'>—</span> <span class='ocrx_word' id='word_1_289' title='bbox 1265 1765 1342 1796; x_wconf 82' lang='lat' dir='ltr'><strong>Alb.</strong></span> <span class='ocrx_word' id='word_1_290' title='bbox 1369 1775 1470 1805; x_wconf 60' lang='lat' dir='ltr'><strong>nom„</strong></span> <span class='ocrx_word' id='word_1_291' title='bbox 1489 1765 1520 1796; x_wconf 90' lang='lat' dir='ltr'><strong>d.</strong></span> 
     </span>
     <span class='ocr_line' id='line_1_49' title="bbox 854 1808 1520 1849; baseline -0.003 -8"><span class='ocrx_word' id='word_1_292' title='bbox 854 1811 884 1841; x_wconf 87' lang='lat' dir='ltr'><strong>h.</strong></span> <span class='ocrx_word' id='word_1_293' title='bbox 913 1810 965 1841; x_wconf 86' lang='lat' dir='ltr'><strong>ein</strong></span> <span class='ocrx_word' id='word_1_294' title='bbox 998 1809 1162 1846; x_wconf 81' lang='lat' dir='ltr'><strong>Albaner,</strong></span> <span class='ocrx_word' id='word_1_295' title='bbox 1199 1809 1264 1849; x_wconf 82' lang='lat' dir='ltr'><strong>vgl.</strong></span> <span class='ocrx_word' id='word_1_296' title='bbox 1285 1810 1324 1840; x_wconf 74' lang='lat' dir='ltr'><strong>A.</strong></span> <span class='ocrx_word' id='word_1_297' title='bbox 1345 1808 1419 1844; x_wconf 76' lang='grc' dir='ltr'><strong>ΧΗ,</strong></span> <span class='ocrx_word' id='word_1_298' title='bbox 1444 1811 1520 1841; x_wconf 83' lang='grc'>515.</span> 
     </span>
    </p>
   </div>
   <div class='ocr_carea' id='block_1_7' title="bbox 846 1852 1526 2555">
    <p class='ocr_par' dir='ltr' id='par_1_12' title="bbox 846 1852 1526 2555">
     <span class='ocr_line' id='line_1_50' title="bbox 852 1852 1520 1896; baseline -0.003 -11"><span class='ocrx_word' id='word_1_299' title='bbox 852 1874 895 1878; x_wconf 96' lang='lat'>—</span> <span class='ocrx_word' id='word_1_300' title='bbox 931 1858 1017 1896; x_wconf 81' lang='lat' dir='ltr'><strong>post.</strong></span> <span class='ocrx_word' id='word_1_301' title='bbox 1039 1854 1132 1895; x_wconf 75' lang='lat' dir='ltr'><strong>prol.</strong></span> <span class='ocrx_word' id='word_1_302' title='bbox 1183 1853 1266 1885; x_wconf 81' lang='lat' dir='ltr'><strong>Gell.</strong></span> <span class='ocrx_word' id='word_1_303' title='bbox 1287 1852 1434 1888; x_wconf 80' lang='lat' dir='ltr'><strong>N.A.11.</strong></span> <span class='ocrx_word' id='word_1_304' title='bbox 1464 1854 1520 1886; x_wconf 76' lang='lat'><strong>16:</strong></span> 
     </span>
     <span class='ocr_line' id='line_1_51' title="bbox 850 1898 1525 1939; baseline -0.003 -10"><span class='ocrx_word' id='word_1_305' title='bbox 850 1899 1016 1929; x_wconf 78' lang='lat' dir='ltr'><strong>Posc&#39;uma</strong></span> <span class='ocrx_word' id='word_1_306' title='bbox 1045 1898 1164 1939; x_wconf 78' lang='lat' dir='ltr'><strong>proles</strong></span> <span class='ocrx_word' id='word_1_307' title='bbox 1189 1908 1260 1929; x_wconf 72' lang='lat' dir='ltr'><strong>non</strong></span> <span class='ocrx_word' id='word_1_308' title='bbox 1286 1907 1363 1928; x_wconf 77' lang='lat' dir='ltr'><strong>eum</strong></span> <span class='ocrx_word' id='word_1_309' title='bbox 1387 1898 1525 1938; x_wconf 57' lang='lat' dir='ltr'><strong>segnifi-</strong></span> 
     </span>
     <span class='ocr_line' id='line_1_52' title="bbox 853 1941 1526 1983; baseline -0.001 -10"><span class='ocrx_word' id='word_1_310' title='bbox 853 1946 926 1981; x_wconf 72' lang='grc' dir='ltr'><strong>σαί,</strong></span> <span class='ocrx_word' id='word_1_311' title='bbox 961 1944 1022 1982; x_wconf 75' lang='lat' dir='ltr'><strong>qui</strong></span> <span class='ocrx_word' id='word_1_312' title='bbox 1050 1945 1155 1983; x_wconf 73' lang='lat' dir='ltr'><strong>patre</strong></span> <span class='ocrx_word' id='word_1_313' title='bbox 1186 1945 1345 1981; x_wconf 71' lang='lat' dir='ltr'><strong>mortuo,</strong></span> <span class='ocrx_word' id='word_1_314' title='bbox 1380 1941 1441 1972; x_wconf 80' lang='lat' dir='ltr'><strong>sed</strong></span> <span class='ocrx_word' id='word_1_315' title='bbox 1464 1943 1526 1981; x_wconf 79' lang='lat' dir='ltr'><strong>qui</strong></span> 
     </span>
     <span class='ocr_line' id='line_1_53' title="bbox 846 1986 1526 2027; baseline -0.001 -11"><span class='ocrx_word' id='word_1_316' title='bbox 846 1989 1024 2027; x_wconf 72' lang='lat' dir='ltr'><strong>postremo</strong></span> <span class='ocrx_word' id='word_1_317' title='bbox 1067 1986 1141 2016; x_wconf 83' lang='lat' dir='ltr'><strong>Ioco</strong></span> <span class='ocrx_word' id='word_1_318' title='bbox 1179 1989 1283 2016; x_wconf 69' lang='lat' dir='ltr'><strong>natus</strong></span> <span class='ocrx_word' id='word_1_319' title='bbox 1322 1988 1381 2025; x_wconf 80' lang='lat' dir='ltr'><strong>est,</strong></span> <span class='ocrx_word' id='word_1_320' title='bbox 1419 1987 1526 2016; x_wconf 72' lang='lat' dir='ltr'><strong>sicuti</strong></span> 
     </span>
     <span class='ocr_line' id='line_1_54' title="bbox 851 2029 1524 2070; baseline -0.001 -9"><span class='ocrx_word' id='word_1_321' title='bbox 851 2030 993 2069; x_wconf 76' lang='lat' dir='ltr'><strong>Silvius,</strong></span> <span class='ocrx_word' id='word_1_322' title='bbox 1027 2031 1089 2070; x_wconf 72' lang='lat' dir='ltr'><strong>qai</strong></span> <span class='ocrx_word' id='word_1_323' title='bbox 1110 2029 1229 2061; x_wconf 80' lang='lat' dir='ltr'><strong>Aenea</strong></span> <span class='ocrx_word' id='word_1_324' title='bbox 1254 2031 1325 2061; x_wconf 81' lang='lat' dir='ltr'><strong>iam</strong></span> <span class='ocrx_word' id='word_1_325' title='bbox 1349 2039 1428 2060; x_wconf 80' lang='lat' dir='ltr'><strong>sene</strong></span> <span class='ocrx_word' id='word_1_326' title='bbox 1454 2033 1524 2061; x_wconf 79' lang='lat' dir='ltr'><strong>tar—</strong></span> 
     </span>
     <span class='ocr_line' id='line_1_55' title="bbox 852 2073 1524 2115; baseline -0.001 -10"><span class='ocrx_word' id='word_1_327' title='bbox 852 2074 894 2105; x_wconf 84' lang='lat' dir='ltr'><strong>do</strong></span> <span class='ocrx_word' id='word_1_328' title='bbox 920 2084 1066 2115; x_wconf 68' lang='lat' dir='ltr'><strong>seroque</strong></span> <span class='ocrx_word' id='word_1_329' title='bbox 1099 2073 1357 2115; x_wconf 53' lang='lat' dir='ltr'><strong>pat-tusedz&#39;lm</strong></span> <span class='ocrx_word' id='word_1_330' title='bbox 1390 2077 1447 2105; x_wconf 82' lang='lat' dir='ltr'><strong>est.</strong></span> <span class='ocrx_word' id='word_1_331' title='bbox 1480 2091 1524 2097; x_wconf 93' lang='lat'>—</span> 
     </span>
     <span class='ocr_line' id='line_1_56' title="bbox 851 2117 1523 2157; baseline -0.001 -8"><span class='ocrx_word' id='word_1_332' title='bbox 851 2119 901 2149; x_wconf 75' lang='lat' dir='ltr'><strong>ecl.</strong></span> <span class='ocrx_word' id='word_1_333' title='bbox 927 2118 1002 2149; x_wconf 78' lang='lat' dir='ltr'><strong>silv.</strong></span> <span class='ocrx_word' id='word_1_334' title='bbox 1052 2117 1174 2149; x_wconf 78' lang='lat' dir='ltr'><strong>Silvius</strong></span> <span class='ocrx_word' id='word_1_335' title='bbox 1210 2118 1326 2149; x_wconf 86' lang='lat' dir='ltr'><strong>wurde</strong></span> <span class='ocrx_word' id='word_1_336' title='bbox 1353 2118 1413 2149; x_wconf 89' lang='lat' dir='ltr'><strong>der</strong></span> <span class='ocrx_word' id='word_1_337' title='bbox 1437 2117 1523 2157; x_wconf 84' lang='lat' dir='ltr'><strong>Sage</strong></span> 
     </span>
     <span class='ocr_line' id='line_1_57' title="bbox 851 2161 1524 2202; baseline 0 -9"><span class='ocrx_word' id='word_1_338' title='bbox 851 2163 933 2193; x_wconf 87' lang='lat' dir='ltr'><strong>nach</strong></span> <span class='ocrx_word' id='word_1_339' title='bbox 959 2162 1002 2193; x_wconf 89' lang='lat' dir='ltr'><strong>im</strong></span> <span class='ocrx_word' id='word_1_340' title='bbox 1016 2161 1142 2193; x_wconf 39' lang='lat' dir='ltr'><strong>&amp;Valde</strong></span> <span class='ocrx_word' id='word_1_341' title='bbox 1170 2162 1315 2202; x_wconf 85' lang='lat' dir='ltr'><strong>gehoren</strong></span> <span class='ocrx_word' id='word_1_342' title='bbox 1340 2162 1406 2192; x_wconf 92' lang='lat' dir='ltr'><strong>und</strong></span> <span class='ocrx_word' id='word_1_343' title='bbox 1430 2171 1524 2194; x_wconf 85' lang='lat' dir='ltr'><strong>erzo-</strong></span> 
     </span>
     <span class='ocr_line' id='line_1_58' title="bbox 851 2206 1521 2247; baseline -0.003 -9"><span class='ocrx_word' id='word_1_344' title='bbox 851 2217 923 2246; x_wconf 84' lang='lat' dir='ltr'><strong>geu.</strong></span> <span class='ocrx_word' id='word_1_345' title='bbox 952 2224 994 2230; x_wconf 97' lang='lat'>—</span> <span class='ocrx_word' id='word_1_346' title='bbox 1027 2208 1059 2237; x_wconf 80' lang='lat' dir='ltr'><strong>si</strong></span> <span class='ocrx_word' id='word_1_347' title='bbox 1081 2216 1172 2247; x_wconf 82' lang='lat' dir='ltr'><strong>mnq.</strong></span> <span class='ocrx_word' id='word_1_348' title='bbox 1206 2216 1304 2246; x_wconf 81' lang='lat' dir='ltr'><strong>regn.</strong></span> <span class='ocrx_word' id='word_1_349' title='bbox 1340 2215 1410 2236; x_wconf 81' lang='lat' dir='ltr'><strong>ace.</strong></span> <span class='ocrx_word' id='word_1_350' title='bbox 1443 2206 1521 2236; x_wconf 80' lang='lat' dir='ltr'><strong>Alb.</strong></span> 
     </span>
     <span class='ocr_line' id='line_1_59' title="bbox 847 2249 1525 2282; baseline -0.003 -1"><span class='ocrx_word' id='word_1_351' title='bbox 847 2251 929 2282; x_wconf 79' lang='lat' dir='ltr'><strong>Dein</strong></span> <span class='ocrx_word' id='word_1_352' title='bbox 955 2252 1084 2281; x_wconf 81' lang='lat' dir='ltr'><strong>Aeneas</strong></span> <span class='ocrx_word' id='word_1_353' title='bbox 1106 2250 1227 2281; x_wconf 81' lang='lat' dir='ltr'><strong>Silvius</strong></span> <span class='ocrx_word' id='word_1_354' title='bbox 1249 2249 1366 2280; x_wconf 86' lang='lat' dir='ltr'><strong>wurde</strong></span> <span class='ocrx_word' id='word_1_355' title='bbox 1382 2259 1446 2279; x_wconf 79' lang='lat' dir='ltr'><strong>von</strong></span> <span class='ocrx_word' id='word_1_356' title='bbox 1459 2249 1525 2280; x_wconf 89' lang='lat' dir='ltr'><strong>sei-</strong></span> 
     </span>
     <span class='ocr_line' id='line_1_60' title="bbox 850 2292 1521 2331; baseline -0.003 -6"><span class='ocrx_word' id='word_1_357' title='bbox 850 2305 922 2326; x_wconf 87' lang='lat' dir='ltr'><strong>nem</strong></span> <span class='ocrx_word' id='word_1_358' title='bbox 955 2294 1144 2325; x_wconf 82' lang='lat' dir='ltr'><strong>Vormunde</strong></span> <span class='ocrx_word' id='word_1_359' title='bbox 1183 2293 1243 2324; x_wconf 85' lang='lat' dir='ltr'><strong>der</strong></span> <span class='ocrx_word' id='word_1_360' title='bbox 1281 2292 1393 2324; x_wconf 86' lang='lat' dir='ltr'><strong>Thron</strong></span> <span class='ocrx_word' id='word_1_361' title='bbox 1424 2292 1521 2331; x_wconf 84' lang='lat' dir='ltr'><strong>lange</strong></span> 
     </span>
     <span class='ocr_line' id='line_1_61' title="bbox 849 2335 1523 2373; baseline -0.003 -4"><span class='ocrx_word' id='word_1_362' title='bbox 849 2337 1096 2373; x_wconf 75' lang='lat' dir='ltr'><strong>vorentlialten,</strong></span> <span class='ocrx_word' id='word_1_363' title='bbox 1137 2347 1173 2368; x_wconf 92' lang='lat' dir='ltr'><strong>so</strong></span> <span class='ocrx_word' id='word_1_364' title='bbox 1213 2337 1289 2367; x_wconf 84' lang='lat' dir='ltr'><strong>dass</strong></span> <span class='ocrx_word' id='word_1_365' title='bbox 1325 2346 1362 2367; x_wconf 90' lang='lat' dir='ltr'><strong>er</strong></span> <span class='ocrx_word' id='word_1_366' title='bbox 1387 2341 1456 2367; x_wconf 86' lang='lat' dir='ltr'><strong>erst</strong></span> <span class='ocrx_word' id='word_1_367' title='bbox 1480 2335 1523 2367; x_wconf 91' lang='lat' dir='ltr'><strong>im</strong></span> 
     </span>
     <span class='ocr_line' id='line_1_62' title="bbox 851 2379 1518 2419; baseline -0.006 -5"><span class='ocrx_word' id='word_1_368' title='bbox 851 2384 904 2415; x_wconf 86' lang='lat'><strong>53.</strong></span> <span class='ocrx_word' id='word_1_369' title='bbox 932 2382 1033 2413; x_wconf 86' lang='lat' dir='ltr'><strong>Jahre</strong></span> <span class='ocrx_word' id='word_1_370' title='bbox 1058 2391 1118 2412; x_wconf 87' lang='lat' dir='ltr'><strong>zur</strong></span> <span class='ocrx_word' id='word_1_371' title='bbox 1133 2380 1332 2412; x_wconf 76' lang='lat' dir='ltr'><strong>Hem-sebast</strong></span> <span class='ocrx_word' id='word_1_372' title='bbox 1353 2379 1518 2419; x_wconf 78' lang='lat' dir='ltr'><strong>gelangte.</strong></span> 
     </span>
     <span class='ocr_line' id='line_1_63' title="bbox 849 2423 1521 2467; baseline -0.004 -10"><span class='ocrx_word' id='word_1_373' title='bbox 849 2446 893 2451; x_wconf 91' lang='lat'><strong>-—</strong></span> <span class='ocrx_word' id='word_1_374' title='bbox 918 2430 1021 2467; x_wconf 76' lang='lat' dir='ltr'><strong>atque</strong></span> <span class='ocrx_word' id='word_1_375' title='bbox 1046 2426 1154 2456; x_wconf 71' lang='lat' dir='ltr'><strong>ambr.</strong></span> <span class='ocrx_word' id='word_1_376' title='bbox 1179 2434 1253 2465; x_wconf 76' lang='lat' dir='ltr'><strong>ger.</strong></span> <span class='ocrx_word' id='word_1_377' title='bbox 1291 2423 1389 2455; x_wconf 89' lang='lat' dir='ltr'><strong>Sinn:</strong></span> <span class='ocrx_word' id='word_1_378' title='bbox 1429 2423 1521 2455; x_wconf 78' lang='lat' dir='ltr'><strong>die‘se</strong></span> 
     </span>
     <span class='ocr_line' id='line_1_64' title="bbox 849 2467 1518 2510; baseline -0.006 -8"><span class='ocrx_word' id='word_1_379' title='bbox 849 2470 1023 2510; x_wconf 78' lang='lat' dir='ltr'><strong>Jiinglinge</strong></span> <span class='ocrx_word' id='word_1_380' title='bbox 1048 2470 1185 2500; x_wconf 85' lang='lat' dir='ltr'><strong>werden</strong></span> <span class='ocrx_word' id='word_1_381' title='bbox 1211 2468 1259 2499; x_wconf 86' lang='lat' dir='ltr'><strong>als</strong></span> <span class='ocrx_word' id='word_1_382' title='bbox 1280 2467 1518 2507; x_wconf 76' lang='lat' dir='ltr'><strong>Kriegslielden</strong></span> 
     </span>
     <span class='ocr_line' id='line_1_65' title="bbox 851 2511 1520 2555; baseline -0.006 -8"><span class='ocrx_word' id='word_1_383' title='bbox 851 2515 987 2555; x_wconf 65' lang='lat' dir='ltr'><strong>glanzen</strong></span> <span class='ocrx_word' id='word_1_384' title='bbox 1013 2514 1077 2545; x_wconf 86' lang='lat' dir='ltr'><strong>und</strong></span> <span class='ocrx_word' id='word_1_385' title='bbox 1102 2513 1170 2545; x_wconf 88' lang='lat' dir='ltr'><strong>sich</strong></span> <span class='ocrx_word' id='word_1_386' title='bbox 1196 2513 1277 2544; x_wconf 85' lang='lat' dir='ltr'><strong>auch</strong></span> <span class='ocrx_word' id='word_1_387' title='bbox 1295 2512 1396 2544; x_wconf 88' lang='lat' dir='ltr'><strong>durch</strong></span> <span class='ocrx_word' id='word_1_388' title='bbox 1415 2511 1520 2544; x_wconf 85' lang='lat' dir='ltr'><strong>Griin-</strong></span> 
     </span>
    </p>
   </div>
   <div class='ocr_carea' id='block_1_8' title="bbox 1539 394 1603 426">
    <p class='ocr_par' dir='ltr' id='par_1_13' title="bbox 1539 394 1603 426">
     <span class='ocr_line' id='line_1_66' title="bbox 1539 394 1603 426; baseline 0.016 -1"><span class='ocrx_word' id='word_1_389' title='bbox 1539 394 1603 426; x_wconf 83' lang='lat'><strong>750</strong></span> 
     </span>
    </p>
   </div>
   <div class='ocr_carea' id='block_1_9' title="bbox 1486 668 1602 700">
    <p class='ocr_par' dir='ltr' id='par_1_14' title="bbox 1486 668 1602 700">
     <span class='ocr_line' id='line_1_67' title="bbox 1486 668 1602 700; baseline 0.009 -1"><span class='ocrx_word' id='word_1_390' title='bbox 1486 695 1495 699; x_wconf 71' lang='grc'><strong>-</strong></span> <span class='ocrx_word' id='word_1_391' title='bbox 1539 668 1602 700; x_wconf 85' lang='lat'><strong>755</strong></span> 
     </span>
    </p>
   </div>
   <div class='ocr_carea' id='block_1_10' title="bbox 1539 943 1603 974">
    <p class='ocr_par' dir='ltr' id='par_1_15' title="bbox 1539 943 1603 974">
     <span class='ocr_line' id='line_1_68' title="bbox 1539 943 1603 974; baseline 0 0"><span class='ocrx_word' id='word_1_392' title='bbox 1539 943 1603 974; x_wconf 84' lang='lat'><strong>760</strong></span> 
     </span>
    </p>
   </div>
   <div class='ocr_carea' id='block_1_11' title="bbox 1539 1215 1602 1247">
    <p class='ocr_par' dir='ltr' id='par_1_16' title="bbox 1539 1215 1602 1247">
     <span class='ocr_line' id='line_1_69' title="bbox 1539 1215 1602 1247; baseline 0.016 -1"><span class='ocrx_word' id='word_1_393' title='bbox 1539 1215 1602 1247; x_wconf 82' lang='lat'><strong>765</strong></span> 
     </span>
    </p>
   </div>
   <div class='ocr_carea' id='block_1_12' title="bbox 1538 1490 1603 1521">
    <p class='ocr_par' dir='ltr' id='par_1_17' title="bbox 1538 1490 1603 1521">
     <span class='ocr_line' id='line_1_70' title="bbox 1538 1490 1603 1521; baseline 0.015 -1"><span class='ocrx_word' id='word_1_394' title='bbox 1538 1490 1603 1521; x_wconf 78' lang='lat'><strong>770</strong></span> 
     </span>
    </p>
   </div>
  </div>
 </body>
</html>
