1682 2979
579 181 799 215 AENEIDOS
825 183 906 216 LIB.
936 183 961 216 1.

1433 179 1482 218 17

64 280 163 320 Tum
194 280 367 320 celerare
397 281 528 331 fugam
558 282 763 332 patriaque
795 283 985 322 excedere
1018 285 1170 331 suadet,

59 335 334 387 Auxiliumque
362 335 448 375 viae
477 336 622 376 veteris
651 337 791 377 tellure
821 338 991 376 recludit

62 390 300 438 Thesauros,
331 391 510 441 ignotum
541 392 692 440 argenti
722 393 878 443 pondus
910 398 949 431 et
978 393 1079 433 auri.

59 445 131 485 His
162 451 357 485 commota
388 447 519 495 sugam
549 447 649 486 Dido
681 448 894 498 sociosque
925 448 1102 498 parabat.

60 500 318 549 Conveniunt,
351 501 493 552 quibus
525 508 591 541 ant
620 502 756 554 odium
786 503 944 542 crudele
976 504 1131 554 tyranni

58 555 134 594 Aut
162 562 290 595 metus
320 569 412 596 acer
441 563 546 604 erat3
578 558 709 605 navis,
742 570 841 609 quae
873 559 974 597 forte
1004 564 1180 609 paratae,

60 610 298 662 Corripiunt,
331 618 575 663 onerantque
606 626 717 652 aur0.

775 614 990 652 Portantur
1020 614 1126 653 avari

57 666 323 716 Pygmalionis
355 680 452 718 opes
483 668 644 718 pelago3
683 669 760 707 dux
791 669 936 708 femina
968 669 1076 708 facti.

55 721 256 761 Devenere
286 723 410 769 locos,
441 723 509 761 ubi
539 735 643 762 nunc
673 723 849 773 ingentia
879 723 1011 763 cernis

55 775 212 816 Moenia
243 783 548 829 surgentemque
579 791 704 817 novae
735 778 984 829 Carthaginis
1017 791 1160 825 arcem,

54 831 298 883 Mercatique
329 833 469 877 solum,
501 833 594 872 facti
625 834 674 872 de
705 834 866 872 nomine
895 834 1071 883 Byrsam,

56 886 229 926 Taurino
262 893 446 937 quantum
477 893 643 937 possent
673 888 916 926 circumdare
947 896 1057 937 tergo
1090 898 1147 916 —·

56 941 141 981 Sed·
164 955 234 980 vos
266 942 330 992 qui
362 939 550 981 tandem?
583 941 726 991 quihus
759 947 824 980 aut
855 941 1021 980 venistis
1055 942 1103 981 ab
1135 942 1250 982 oris?

56 996 192 1043 Quove
222 998 365 1035 tenetis
396 994 506 1034 iter?
538 996 754 1042 Quaerenti
786 996 929 1036 talibus
962 997 1028 1036 ille

54 1052 268 1103 Suspirans
301 1051 459 1102 imoque
491 1052 650 1090 trahens
683 1064 704 1090 a
734 1060 897 1102 pectore
928 1064 1093 1092 vocem:

167 1106 198 1145 Ο
231 1106 317 1152 dea,
350 1107 381 1145 si
413 1107 540 1157 prima
571 1112 756 1158 repetens
787 1107 834 1146 ab
868 1107 1020 1156 origine
1050 1119 1228 1158 pergam,

51 1162 102 1201 Et
130 1167 242 1200 vacet
272 1162 425 1200 annalis
457 1168 684 1201 nostrorum
715 1162 852 1201 audire
882 1162 1073 1209 laborum,

51 1221 153 1256 Ante
184 1217 288 1256 diem
320 1217 454 1256 clauso
486 1224 685 1268 conponet
714 1219 864 1268 Vesper
895 1217 1078 1269 Olympo.

51 1273 132 1311 Nos
164 1272 282 1311 Troia
314 1273 486 1323 antiqua,
518 1274 552 1312 si
584 1280 732 1313 vestras
764 1274 867 1313 forte
896 1285 968 1324 per
999 1273 1106 1312 auris

52 1327 196 1367 Troiae
226 1340 370 1367 nomen
401 1328 458 1374 iit,
491 1328 644 1368 diversa
674 1341 746 1379 per
777 1341 947 1379 aequora
978 1336 1117 1368 vectos

50 1383 169 1422 Forte
200 1395 270 1422 sua
301 1383 460 1434 Libycis
490 1389 705 1434 tempestas
737 1384 890 1435 adpulit
921 1384 1014 1423 oris.

52 1438 147 1477 Sum
177 1439 268 1489 pius
294 1439 464 1485 Aeneas,
495 1445 631 1490 raptos
665 1440 730 1490 qui
763 1453 808 1479 ex
838 1440 952 1478 hoste
983 1439 1146 1478 Penatis

53 1494 187 1534 Classe
216 1494 316 1533 veho
347 1507 514 1540 mecum,
547 1495 648 1534 sama
680 1508 800 1546 super
830 1496 989 1534 aethera
1021 1501 1156 1534 notus.

51 1548 203 1589 ltaliam
237 1561 381 1599 quaero
413 1551 578 1600 patriam
611 1558 648 1588 et
680 1563 802 1600 genus
833 1550 880 1589 ab
912 1551 1003 1588 Iove
1035 1561 1207 1588 summo.

51 1603 119 1642 Bis
151 1604 264 1642 denis
295 1604 506 1654 Phrygium
538 1606 753 1649 conscendi
783 1605 947 1643 navibus
979 1616 1141 1654 aequor,

51 1714 111 1744 mit
144 1716 291 1755 pectora
316 1712 381 1743 und
406 1723 488 1743 aras
523 1712 723 1748 verbunden,

52 1757 173 1789 ebenso
202 1758 358 1798 parabat
388 1757 420 1787 in
444 1758 566 1790 v.360.
586 1776 630 1780 --
670 1757 729 1788 tel-

52 1802 128 1833 lure
152 1801 320 1841 recludit,
353 1801 384 1832 d.
412 1802 443 1832 h.
473 1811 510 1832 er
535 1801 729 1841 ermfiglicht

51 1847 103 1878 die
127 1846 264 1886 chung
289 1846 346 1877 des
364 1845 521 1877 Schatzes
547 1847 648 1877 durch
667 1846 728 1877 Be-

49 1891 232 1931 zeIchnung
256 1890 316 1921 der
341 1889 452 1925 stelle,
494 1900 546 1921 wo
575 1890 726 1921 derselbe

48 1935 234 1975 vergi-aben
265 1934 320 1966 ist.
347 1953 391 1957 -—
424 1934 543 1965 odium
576 1934 724 1966 crudele.

49 1979 196 2012 Bitterer
228 1979 313 2010 Hass
346 1979 432 2010 kann
464 1989 524 2010 zur
549 1979 727 2011 Grausaul-

48 2025 119 2056 keit
142 2024 270 2056 ffihren.
298 2042 342 2046 —
379 2023 621 2065 Pygmalionis
646 2034 726 2065 opes

48 2070 93 2101 ist
106 2068 305 2111 proleptisch
321 2073 447 2107 gesagt.
476 2068 590 2100 lustin.
604 2067 730 2105 XVIII,-

49 2115 87 2146 4:
127 2113 218 2144 Huic
250 2112 336 2152 (dem
369 2111 506 2143 Geniahl
538 2113 598 2144 der
628 2112 727 2147 Dido)

48 2167 200 2199 mag-nae
253 2156 315 2187 sed
361 2156 600 2189 dissimulatae
647 2167 727 2198 opes

52 2205 162 2243 erant,
195 2211 389 2242 aurumque
423 2205 515 2232 metu
539 2204 632 2243 regis
656 2211 727 2233 non

10 2262 18 2266 ·
52 2249 150 2278 tectis
172 2246 234 2278 sed
249 2250 364 2278 terrae
379 2245 597 2278 crediderat:
623 2256 727 2287 quam

49 2301 122 2322 rem
146 2293 210 2322 etsi
233 2291 387 2322 homines
413 2292 644 2331 ignorabant,
669 2290 724 2329 fa-

48 2345 106 2366 ma
132 2330 271 2367 tamen'
289 2335 506 2376 loquebatur.
556 2335 632 2375 Qua
664 2346 724 2376 spe

50 2382 211 2410 incensus
244 2380 453 2421 Pygmalion
478 2399 521 2403 —
555 2389 724 2421 generum

49 2434 150 2455 sunm
175 2424 310 2456 occidit.
332 2443 369 2447 —
396 2425 458 2456 ubi
481 2435 574 2456 nune
599 2425 723 2463 cernas,

49 2479 103 2500 wo
128 2477 203 2499 man
223 2468 311 2509 jetzt
333 2468 430 2500 sieht.
457 2485 501 2492 —-
524 2472 723 2510 surgentem

51 2513 169 2553 gehiirt
208 2512 279 2544 dem
319 2512 418 2545 Sinue
454 2514 534 2545 nach
569 2515 651 2550 auch
683 2524 722 2544 zu

49 2559 198 2598 moenia,
225 2567 251 2589 s.
265 2567 292 2588 z.
309 2556 346 2589 G.
361 2556 399 2594 11,
415 2559 491 2591 473.
504 2577 545 2582 —-—
562 2558 722 2601 Byrsam.

141 2604 231 2639 Virgil
256 2605 291 2631 11.
693 2616 697 2617 ⁷

795 1709 924 1755 βύρσα,
954 1712 1012 1743 das
1035 1711 1128 1743 Feli.
1156 1729 1199 1734 —-
1225 1711 1362 1752 talibus,
1388 1712 1478 1743 naim-

796 1757 858 1788 lich
885 1756 1080 1798 respondet.

841 1812 872 1832 v.
888 1802 1055 1833 372—86.
1095 1799 1241 1831 welche
1273 1798 1380 1831 Versc
1406 1804 1477 1831 ent-

796 1845 906 1877 halten
932 1845 983 1876 die
1011 1846 1207 1876 Antworten
1233 1844 1291 1875 des
1315 1845 1399 1875 Aen.
1419 1843 1482 1875 auf

797 1890 849 1921 die
875 1891 894 1922 3
911 1889 1040 1929 Fragen
1066 1889 1126 1920 der
1141 1888 1331 1930 Venus?——
1357 1888 1477 1919 clau-so

798 1934 846 1965 Ol.
874 1933 987 1966 XVenn
1003 1933 1154 1964 Phoebus
1180 1933 1213 1964 in
1230 1933 1289 1964 das
1304 1931 1477 1963 westliche

795 1978 885 2010 Thor
903 1979 960 2009 des
977 1977 1135 2020 Olympus
1154 1977 1370 2017 eingesahreu
1388 1985 1473 2013 war,

794 2023 911 2054 wurde
927 2023 1038 2054 dieses
1055 2021 1279 2062 geschlossen,
1305 2020 1372 2061 vgl.
1386 2031 1416 2051 z.
1435 2020 1473 2052 G.

795 2067 849 2103 ΙΙΙ,
870 2068 945 2100 261.
967 2086 1007 2090 -
1026 2069 1209 2107 conportet,
1235 2065 1323 2096 wird
1346 2065 1472 2101 betten,

795 2111 860 2152 vgl.
879 2111 988 2147 G.1v‚
1017 2112 1181 2144 189438.
1209 2129 1253 2133 —
1279 2108 1421 2151 Vesper,
1446 2118 1473 2140 s.

796 2167 825 2187 z.
840 2155 879 2188 G.
894 2156 949 2193 IV,
963 2157 1041 2188 434.
1070 2174 1115 2178 --
1140 2156 1172 2186 si
1195 2157 1296 2186 vestr.
1323 2153 1348 2192 Ῐῖ
1369 2163 1406 2195 p.
1433 2163 1477 2193 a.,

794 2200 858 2240 vgl.
888 2201 980 2232 Hom.
1010 2199 1070 2231 Od.
1100 2198 1175 2236 XV,
1205 2200 1280 2232 403.
1308 2216 1354 2221 —
1385 2197 1479 2236 forte

794 2256 868 2277 sua.
894 2244 1040 2277 warum
1066 2243 1145 2275 heht
1169 2245 1251 2275 Aen.
1281 2253 1316 2274 es
1340 2243 1472 2278 hervor,

767 2291 773 2292 ’
794 2290 871 2321 dass
897 2289 950 2320 ihn
977 2298 1039 2319 nur
1065 2288 1126 2319 der
1149 2286 1261 2318 Zufall
1286 2296 1327 2318 an
1353 2286 1405 2316 (lie
1437 2284 1478 2316 li-

791 2335 917 2377 hysche
930 2334 1035 2364 Kiiste
1063 2332 1238 2372 getrieben
1264 2330 1373 2361 habe?
1396 2327 1473 2368 Vgl.

793 2384 891 2410 unten
916 2388 948 2408 v.
977 2378 1054 2410 527.
1084 2395 1128 2399 —
1165 2375 1250 2407 Sum
1270 2376 1353 2415 pius
1377 2373 1476 2413 Aen„

791 2423 856 2463 vgl.
873 2422 962 2454 Hom.
979 2421 1040 2453 Od.
1056 2420 1115 2456 IX,
1134 2420 1276 2453 19—20.
1289 2437 1332 2442 —-
1344 2427 1474 2459 quaero

788 2469 947 2510 patriam
969 2469 1132 2506 etgenus,
1161 2464 1212 2495 cin
1231 2460 1270 2495 ἓν
1289 2459 1349 2494 διὰ
1359 2459 1473 2498 δυοῖν,

795 2513 844 2544 ich
870 2513 967 2543 suche
995 2510 1054 2541 das
1082 2509 1177 2540 Land
1203 2508 1263 2539 der
1280 2506 1385 2539 vater
1409 2505 1476 2538 und

1505 449 1564 484 360

1503 723 1562 756 365

1501 998 1560 1031 370

1501 1269 1559 1302 375

1500 1545 1559 1580 380

794 2566 930 2588 unseres
982 2554 1165 2587 Ahnherrn.
1213 2552 1389 2584 Dardanus
1430 2552 1471 2591 (s.
1522 2579 1526 2584 ,

1268 2598 1287 2629 2
