1682 2979
605 167 830 200 AENEIDOS
850 167 930 199 LIB.
954 166 1028 199 XII.

103 279 213 320 Hanc
233 292 352 319 versa
372 280 413 319 in
435 279 572 319 faciem
594 278 720 319 Turni
741 291 785 318 se
805 278 926 332 pestis
948 277 996 316 ob
1019 291 1089 317 ora

104 336 274 388 Fertque
294 336 493 388 refertque
515 349 676 383 sonans,
705 334 949 387 clipeumque
971 334 1181 373 everberat
1200 333 1288 374 alis.

104 391 165 431 Illi
188 391 359 431 membra
379 405 506 431 novus
528 390 648 430 solvit
669 389 874 429 formidine
897 396 1046 442 torpor,

104 446 373 500 Arrectaeque
396 447 560 486 horrore
582 458 732 493 comae,
759 451 798 484 et
817 458 900 484 vox
923 444 1098 483 faucibus
1121 444 1259 484 haesit.

103 502 171 551 At,
196 503 331 556 procul
352 509 394 542 ut
414 501 531 541 Dirae
553 501 763 541 stridorem
787 500 976 553 adgnovit
998 507 1036 540 et
1056 499 1152 548 alas,

105 558 248 598 Int'elix
271 558 390 598 crinis
413 557 554 598 scindit
576 557 738 597 Iuturna
759 557 926 605 solutos,

1431 165 1511 204 233

1528 284 1592 316 865

1531 563 1595 595 870

105 614 307 667 Unguibus
329 627 398 653 ora
420 627 535 654 soror
556 614 719 653 foedans
741 620 780 652 et
801 620 960 665 pectora
983 611 1146 665 pugnis:

108 670 208 720 Quid
231 683 334 710 nunc
356 677 393 709 te
415 677 496 718 tua,
521 670 669 717 Turne,
696 675 823 722 potest
844 682 1031 721 germana
1052 668 1219 708 iuvare?

106 725 187 766 Aut
207 726 297 778 quid
318 725 394 765 iam
418 726 539 766 durae
562 732 720 778 superat
741 725 864 764 mihi?
894 738 968 777 qua
990 724 1060 763 tibi
1081 724 1207 764 lucem

106 782 204 821 Arte
226 783 385 821 morer?
417 782 513 821 talin
535 796 693 834 possum
713 795 775 821 me
798 793 996 834 opponere
1018 780 1222 820 monstro?

106 837 185 877 Iam
206 837 284 876 iam
306 838 440 890 linquo
463 838 582 878 acies.
625 837 685 878 Ne
705 852 767 877 me
791 845 935 877 terrete
959 837 1175 885 timentem,

111 893 313 934 Obscenae
333 894 542 942 volucre83
577 894 725 933 alarum
748 894 912 933 verbera
935 906 1054 932 nosco

108 949 362 1002 Letalemque
385 963 547 998 sonum3
583 963 653 990 nec
674 950 812 989 fallunt
832 949 939 988 iussa
963 947 1129 1001 superba

108 1005 348 1057 Magnanimi
372 1005 492 1045 lovis.
537 1005 642 1045 Haec
663 1019 732 1058 pro
755 1005 982 1059 virginitate
1003 1004 1185 1057 reponit?

111 1060 196 1111 Quo
218 1061 338 1101 vitam
360 1061 465 1100 dedit
486 1062 713 1101 aeternam?
744 1075 812 1101 cur
833 1061 971 1100 mortis
994 1061 1172 1113 adempta
1194 1066 1254 1100 est

111 1117 331 1156 Condicio?
362 1130 515 1171 possem
539 1125 669 1157 tantos
692 1117 805 1157 finire
827 1117 985 1157 dolores

109 1173 223 1225 Nunc
246 1180 369 1222 certe,
396 1180 434 1212 et
454 1173 603 1213 misero
625 1173 738 1213 fratri
762 1187 893 1212 comes
916 1173 974 1211 ire
996 1185 1066 1225 per
1086 1171 1260 1211 umbras.

111 1229 336 1268 inmortalis
358 1230 462 1282 ego?
491 1237 558 1269 aut
579 1230 783 1282 quicquan]
806 1229 898 1268 mihi
923 1228 1033 1267 dulce
1056 1240 1232 1266 meorum

111 1285 170 1324 Te
192 1285 293 1332 sine,
318 1286 456 1333 frater,
481 1285 583 1325 erit?
626 1284 654 1324 0
679 1299 778 1337 quae
799 1285 895 1324 satis
917 1283 994 1322 ima
1017 1283 1194 1322 dehiscat

111 1341 235 1380 Terra
256 1340 366 1389 mihi,
390 1341 593 1392 Manisque
616 1342 725 1381 deam
749 1340 925 1379 demittat
945 1340 991 1378 ad
1014 1339 1137 1377 imos!

112 1396 281 1435 Tantum
305 1396 436 1445 effata,
461 1403 576 1449 caput
596 1396 734 1449 glauco
758 1396 936 1435 contexit
958 1395 1117 1443 amictu,

111 1452 235 1492 Multa
256 1464 436 1505 gemens,
460 1459 500 1492 et
520 1465 563 1492 se
585 1452 702 1492 fluvio
725 1453 795 1491 dea
818 1451 989 1491 condidit
1010 1451 1104 1490 alto.

226 1507 382 1548 Aeneas
403 1508 526 1548 instat
547 1514 684 1548 contra
713 1508 908 1560 telumque
930 1512 1128 1555 coruscat,

113 1563 274 1617 Ingens,
299 1563 523 1612 arboreum,
549 1570 588 1603 et
608 1577 728 1603 saevo
751 1564 806 1603 sic
828 1571 985 1617 pectore
1007 1564 1130 1602 fatur:

116 1619 224 1670 Quae
245 1633 348 1660 nunc
370 1619 508 1659 deinde
531 1633 641 1659 mora
663 1621 749 1660 est?
779 1626 847 1660 aut
867 1619 957 1672 quid
979 1618 1055 1658 iam
1069 1648 1080 1668 ,
1111 1617 1246 1657 Turne
1260 1647 1272 1667 ‚
1303 1619 1523 1658 retractas?

117 1723 222 1761 ebes,
255 1722 288 1753 d.
317 1721 342 1752 i.
372 1721 694 1752 todverkiindendes
721 1720 787 1753 Ge-

117 1767 233 1799 schrei
252 1766 386 1798 erhebt.
412 1784 458 1789 —-
474 1767 626 1808 fertque
642 1767 726 1808 ref„
755 1777 784 1797 s.

117 1823 149 1844 z.
169 1811 210 1844 A.
231 1810 290 1852 IV,
311 1811 390 1844 438.

161 1867 194 1887 v.
217 1856 403 1888 872—86.
439 1856 550 1888 durae
567 1856 671 1895 milti,
693 1856 788 1896 „mir

120 1901 358 1944 Gepriiften‚“
379 1901 447 1933 d.i.
461 1902 538 1941 mir,
559 1901 612 1932 die
631 1902 683 1932 icb
699 1901 785 1932 mich

119 1947 225 1979 sehon
253 1957 290 1978 so
317 1947 431 1978 vielen
450 1946 700 1978 Beschwerden
731 1946 786 1977 fiir

119 1991 196 2024 dich
223 1996 434 2032 unterzogen
463 1991 563 2030 habe,
592 2002 621 2022 s.
643 2002 676 2022 v.
698 1991 784 2031 6353

116 2036 228 2068 durus
253 2037 345 2068 steht
363 2037 439 2067 hier
457 2036 530 2067 also
550 2036 582 2067 in
603 2035 786 2067 derselben

117 2081 201 2113 Bed.
229 2081 292 2113 wie
318 2082 359 2113 A.
380 2080 438 2120 ΙΙΙ,
457 2080 514 2113 94.
548 2079 590 2121 V,
611 2081 689 2112 730.
723 2079 783 2121 lx,

117 2126 198 2158 468.
225 2143 268 2149 -—
297 2128 384 2158 terr.
410 2128 506 2165 tim„
534 2136 563 2157 s.
591 2136 622 2157 z.
651 2126 693 2157 A.
722 2124 785 2166 XI,

119 2171 198 2203 609.
225 2188 271 2194 ——
297 2171 433 2203 obscen.
461 2171 547 2210 vol.‚
575 2180 602 2202 s.
635 2181 668 2202 z.
695 2169 736 2202 G.
756 2169 783 2212 1,

118 2217 198 2248 470.
241 2215 373 2256 Wegen
402 2215 462 2247 des
480 2215 575 2247 Plur.
596 2226 625 2248 s.
648 2216 733 2247 oben
752 2226 784 2247 z.

118 2272 152 2294 v.
180 2260 259 2293 799.
289 2277 329 2284 —
358 2260 537 2302 necsall.,
567 2260 685 2301 „wohl
711 2270 788 2292 ver-

122 2305 209 2339 steh’
229 2306 283 2338 ich
303 2306 367 2338 den
387 2306 521 2338 stolzen
542 2305 661 2337 Befehl
687 2305 731 2347 (s.
751 2316 785 2338 v.

123 2351 206 2393 844)
241 2351 301 2383 des
335 2351 542 2392 gewaltigen
577 2349 716 2382 Zeus.“
741 2367 789 2373 —

119 2397 205 2429 haec
220 2398 465 2439 p.virg.rep.‚
485 2406 513 2428 s.
527 2396 612 2428 oben
632 2406 664 2427 v.
678 2395 786 2427 139-

122 2441 179 2473 41.
197 2459 243 2466 —
262 2451 417 2485 possem,
443 2451 540 2473 wenn
559 2441 624 2473 mir
642 2440 788 2472 niimlich

123 2487 184 2518 das
217 2486 444 2526 gemeinsame
469 2486 557 2518 Loos
591 2486 650 2517 des
676 2485 789 2517 Todes

125 2531 219 2563 nicht
235 2535 404 2572 entzogen
425 2531 540 2576 wiire;
560 2542 590 2564 s.
611 2542 642 2563 z.
664 2530 705 2563 G.
727 2529 788 2571 ΙΙΙ,

124 2577 202 2608 562.
227 2593 275 2600 -
298 2576 362 2608 Die
380 2575 502 2610 Worte
529 2587 618 2610 com.
648 2578 701 2608 ire
726 2585 792 2619 per

857 1721 971 1752 vmbr.
993 1721 1202 1752 bezeichnen
1222 1720 1276 1752 ein
1297 1725 1519 1752 unzertrenn-

855 1766 964 1798 liches
992 1765 1282 1797 Beisammensein
1309 1766 1341 1797 in
1371 1766 1432 1797 der
1457 1764 1523 1797 Un-

857 1811 1014 1849 terwelt3
1034 1820 1104 1842 was
1124 1811 1240 1841 wiirde
1259 1820 1372 1842 comes
1392 1813 1443 1841 ire
1458 1811 1522 1841 sub

855 1857 1000 1888 umbras
1019 1856 1179 1887 heissen?
1198 1866 1356 1887 meorum
1371 1865 1524 1886 :mea-

856 1911 936 1933 rum
962 1911 1097 1938 rerum,
1125 1901 1198 1942 vgl.
1227 1901 1267 1932 A.
1296 1900 1322 1940 1,
1352 1900 1429 1931 599.
1464 1899 1520 1940 lv,

857 1946 935 1978 317.
970 1945 1042 1986 Vll,
1073 1945 1148 1978 197.
1183 1963 1228 1968 —
1260 1955 1351 1986 quae
1384 1956 1413 1977 s.
1449 1947 1521 1976 ima

856 1991 950 2031 detz„
984 2001 1011 2022 s.
1046 2001 1077 2022 z.
1104 1991 1145 2021 A.
1174 1989 1220 2029 Χ,
1251 1991 1329 2021 675.
1364 2008 1409 2012 —
1443 2000 1521 2031 cap.

857 2039 953 2067 cont.
967 2045 1054 2075 am„
1075 2035 1126 2066 als
1137 2034 1288 2066 Zeichen
1303 2035 1364 2066 der
1375 2033 1523 2066 Trauer.

859 2099 892 2103 —
915 2082 1058 2122 glauco,
1080 2080 1150 2120 vgl.
1172 2081 1213 2111 A.
1233 2079 1324 2120 VIII,
1344 2080 1400 2112 33.

902 2180 935 2201 v.
972 2169 1181 2201 887—902.
1226 2171 1353 2210 ingens
1386 2169 1527 2201 bezieht

857 2215 930 2247 sich
959 2214 1021 2246 auf
1045 2215 1100 2246 die
1119 2214 1254 2255 Lauze3
1285 2215 1372 2245 deun
1393 2214 1454 2246 das
1475 2218 1526 2245 te-

858 2261 930 2292 lum
949 2262 1090 2301 ingens,
1110 2260 1298 2291 arboreum
1312 2259 1523 2300 (baumlang,

855 2306 925 2346 ng.
947 2305 1034 2336 oben
1061 2315 1094 2336 v.
1115 2304 1196 2344 294)
1225 2304 1270 2336 ist
1287 2303 1526 2344 Nacbbildung

858 2351 918 2382 des
952 2350 1082 2381 homer.
1119 2347 1223 2392 ἔγχος
1252 2345 1382 2393 βριθὺ,
1415 2349 1524 2393 μέγα,

859 2390 1044 2439 στιβαρόν,
1071 2395 1140 2435 vgl.
1169 2395 1253 2426 auch
1280 2395 1391 2434 gleieh
1420 2398 1524 2425 unten

857 2451 891 2472 v.
913 2440 1097 2472 896-97.
1127 2458 1170 2463 -
1197 2439 1337 2477 deinde,
1358 2439 1390 2471 d.
1410 2439 1444 2470 h.
1465 2449 1526 2470 un-

859 2490 914 2517 ter
932 2486 1051 2517 diesen
1071 2484 1296 2524 Umst'ffiinden,
1324 2485 1366 2516 da
1385 2484 1429 2515 du
1447 2484 1525 2515 dein

859 2530 1019 2562 Schwert
1042 2529 1311 2571 wiedererlangt
1338 2530 1430 2569 hast,
1455 2529 1525 2569 vgl.

859 2576 900 2608 A.
921 2574 980 2617 IV,
1001 2574 1079 2606 561.
1098 2593 1143 2599 -—
1172 2577 1276 2615 retr„
1295 2575 1366 2615 ng.
1386 2574 1473 2606 oben
1493 2584 1525 2605 v.

1532 842 1597 875 875

1538 1122 1602 1153 880

1540 1401 1604 1433 885
