1682 2979
169 204 221 243 64
621 197 625 203 '
680 212 717 245 P.
744 213 909 246 vfficlm
933 213 1128 247 MARoNis

166 312 323 352 Falcem
352 313 518 353 maturis
549 313 757 366 quisquam
788 322 985 367 supponat
1013 317 1158 365 aristis,

169 368 295 416 Quam
326 369 459 409 Cereri
490 376 590 409 torta
620 371 827 410 redimitus
860 380 1034 423 tempora
1063 385 1210 424 quercu

87 430 146 462 350
164 424 239 464 Det
266 430 396 465 motus
426 426 700 478 inconpositos
730 432 769 467 et
798 428 972 467 carmina
1003 428 1118 468 dicat.

249 481 376 533 Atque
406 482 504 522 haec
534 488 576 522 ut
606 483 723 522 certis
753 496 962 535 possemus
993 485 1146 525 discere
1176 486 1313 537 signis,

164 537 397 588 Aestusque,
427 538 671 590 pluviasque,
703 544 742 578 et
771 540 922 590 agentis
953 540 1099 590 frigora
1130 548 1279 589 ventos,

163 593 255 644 Ipse
285 593 403 632 Pater
431 594 578 640 statuit,
611 595 704 646 quid
734 601 935 635 menstrua
963 596 1074 636 Luna
1103 605 1303 648 moneret3

167 649 254 696 Quo
286 648 399 698 signo
432 649 618 689 caderent
647 651 794 697 austri,
826 651 919 701 quid
951 663 1069 702 saepe
1099 653 1277 693 videntes

87 711 144 743 355
165 704 369 756 Agricolae
400 704 566 756 propius
597 705 762 744 stabulis
794 712 972 745 armenta
1004 713 1196 748 tenerent.

165 761 374 807 Continuo,
405 761 532 800 ventis
564 761 827 811 surgentibus,
859 766 926 801 aut
955 762 1052 801 freta
1083 764 1195 813 ponti

162 817 363 869 Incipiunt
391 817 538 868 agitata
568 823 788 858 tumescere
819 822 858 857 et
887 817 1021 857 aridus
1051 819 1140 858 altis

161 873 362 913 Montibus
393 873 519 912 audiri
550 874 695 924 fragor,
729 879 796 913 aut
824 874 1051 913 resonantia
1080 874 1197 925 longe

161 930 296 969 Litora
326 929 486 969 misceri
517 935 556 969 et
584 942 791 968 nemorum
822 929 1116 970 increbrescere
1148 943 1335 971 murmur.

74 992 142 1024 ⁷360
162 986 245 1025 Iam
275 985 351 1025 sibi
383 991 464 1025 tum
495 998 516 1025 a
548 985 676 1025 curvis
707 986 808 1025 male
840 991 1032 1037 temperat
1061 987 1164 1026 unda
1198 988 1356 1034 carinis,

164 1042 259 1082 Cum
290 1041 422 1081 medio
454 1042 603 1081 celeres
634 1042 810 1081 revolant
840 1054 885 1081 ex
916 1055 1087 1093 aequore
1118 1043 1240 1093 mergi

163 1098 461 1149 Clamoremque
493 1098 623 1137 ferunt
653 1097 700 1136 ad
729 1097 859 1145 litora,
891 1110 1058 1148 cumque
1087 1099 1263 1138 marinae

160 1155 205 1193 In
237 1154 345 1193 sicco
376 1154 513 1193 ludunt
545 1153 698 1200 fulicae,
730 1159 923 1205 notasque
952 1154 1109 1205 paludis

161 1209 317 1250 Deserit
346 1215 464 1261 atque
495 1210 610 1249 altam
641 1222 759 1261 supra
789 1209 893 1249 volat
923 1210 1040 1249 ardea
1072 1210 1229 1249 nubem.

82 1270 140 1303 365
161 1267 288 1318 Saepe
320 1266 438 1305 etiam
469 1266 615 1312 stellas,
644 1272 760 1305 vento
792 1265 1045 1317 inpendente,
1076 1266 1230 1305 videbis

160 1322 394 1373 Praecipitis
428 1322 534 1362 caelo
566 1322 657 1369 labi,
689 1322 897 1373 noctisque
928 1334 1004 1374 pgr·
1029 1322 1207 1361 umbram

160 1379 422 1418 Flammarum
453 1378 592 1428 longos
624 1391 644 1417 a
678 1383 785 1428 tergo
818 1378 1019 1418 albescere
1049 1384 1222 1426 tractus;

161 1437 288 1486 Saepe
319 1434 443 1473 levem
473 1435 625 1486 paleam
658 1440 696 1473 et
726 1435 888 1474 frondes
917 1435 1081 1474 volitare
1114 1435 1294 1482 caducas,

159 1492 235 1530 Aut
265 1503 417 1529 summa
448 1491 578 1530 nantis
610 1491 651 1529 in
682 1503 779 1541 aqua
814 1490 1012 1530 colludere
1043 1491 1211 1542 plumas.

82 1553 140 1585 370
160 1547 209 1586 At
237 1547 388 1586 Boreae
419 1547 467 1586 de
497 1552 608 1598 parte
640 1547 760 1589 trucis
792 1559 880 1586 cum
912 1547 1102 1594 fulminat,
1135 1552 1173 1586 et
1204 1559 1291 1585 cum

159 1603 333 1654 Eurique
365 1602 610 1654 Zephyrique
642 1608 752 1642 tonat
781 1603 942 1642 domus:
976 1603 1106 1641 omnia
1137 1603 1267 1654 plenis

158 1660 262 1698 Rura
296 1664 433 1698 natant
463 1659 598 1705 fossis,
630 1664 746 1709 atque
778 1659 906 1697 omnis
937 1659 1066 1697 navita
1096 1664 1218 1709 ponto

158 1715 328 1754 Humida
359 1714 442 1754 vela
476 1714 581 1764 legit.

639 1715 858 1765 Numquam
889 1714 1194 1764 inprudentibus
1225 1712 1353 1753 imber

161 1771 318 1811 Ohfuit:
351 1776 416 1810 aut
446 1770 554 1810 illum
585 1777 810 1821 surgentem
839 1770 1006 1810 vallibus
1037 1770 1127 1809 imis

160 1894 291 1926 Kriinze
324 1903 386 1924 von
416 1892 620 1924 Eichenlaub
654 1894 745 1931 (torta
767 1896 831 1926 recl.

162 1940 284 1981 quercu)
321 1938 385 1969 und
422 1948 545 1977 sangcn
579 1938 738 1969 wiihreud
774 1938 832 1970 des

163 1982 392 2026 Opsermahles
405 1982 639 2014 Erndtelieder
656 1982 712 2013 mit
723 1983 834 2014 rehem

162 2027 416 2061 Gebrrdentanz
456 2032 564 2066 (motus
594 2031 831 2069 incompositos).

159 2092 200 2098 —-
239 2072 348 2104 Uebcr
373 2072 434 2103 (len
454 2072 568 2104 Hiatus
595 2071 625 2103 in
651 2076 721 2114 agni
739 2079 764 2105 ct
783 2075 827 2112 (v.

159 2120 237 2155 341>
263 2128 289 2149 s.
318 2117 403 2149 Einl.
431 2128 462 2160 p.
491 2117 561 2149 Vll.

204 2165 369 2196 351—55.
413 2166 506 2203 haec,
547 2162 636 2194 diesc
661 2161 831 2195 Vcriinde-

158 2219 283 2249 rungen
323 2208 382 2239 der
405 2206 613 2245 Wiuemng.
649 2226 691 2230 —
727 2219 830 2250 posse-

157 2266 234 2287 mus.
261 2253 393 2285 Anderc
408 2252 475 2287 LA.
503 2256 665 2295 possimus.
687 2271 726 2276 -—
753 2259 824 2286 cert.

159 2302 251 2341 siqu„
276 2298 403 2331 sicherc
418 2296 671 2329 Naturzeicheu.
689 2316 729 2320 -
756 2301 828 2340 quid

159 2356 247 2387 saepe
263 2347 340 2383 vicl„
367 2343 467 2374 durch
483 2342 626 2374 welches
640 2341 825 2373 Anzeichen

159 2394 321 2427 gewarnt.
341 2388 408 2420 Fiir
423 2391 496 2431 quid
506 2388 628 2419 andere
640 2387 706 2418 LA.
724 2390 822 2430 quod:

160 2434 247 2465 diess
272 2433 389 2465 wiirdc
415 2433 476 2464 den
504 2432 682 2464 chanken
709 2431 822 2472 geben,

160 2479 236 2509 dass
270 2478 422 2510 (lassclbc
459 2478 646 2509 Anzeichen
687 2479 828 2519 (siqnmn)

160 2528 254 2563 gutes
280 2523 418 2555 Weuer
443 2524 507 2554 und
533 2522 742 2555 komniendcs
769 2522 830 2554 Un-

158 2573 283 2610 wettrr
307 2568 488 2600 verkiinde.

205 2612 369 2647 356-69.
400 2617 551 2655 continuo,
581 2624 605 2645 s.
625 2613 707 2645 oben
726 2614 826 2646 vusso.

902 1911 945 1916 —-
971 1895 1076 1924 aridus
1100 1896 1214 1933 [νιιῃον1
1242 1891 1301 1922 das
1327 1890 1483 1923 Knacken
1507 1901 1571 1923 von

904 1937 1091 1978 trockcntjm
1126 1935 1238 1967 llolze.
1290 1935 1382 1966 110111.
1412 1935 1447 1967 Il.
1475 1934 1566 1972 Xlll,

903 1983 985 2014 441:
1015 1979 1103 2012 (ιύον
1128 1977 1244 2013 ἄϋσεν.
1273 1999 1315 2003 —
1352 1983 1447 2020 male,
1477 1981 1574 2012 kanni

904 2026 996 2057 noch.
1027 2045 1066 2049 ——
1092 2028 1207 2069 palens.
1250 2024 1355 2057 wind
1380 2025 1572 2057 verkiinden

905 2072 986 2102 nach
1011 2069 1094 2102 Plin.
1120 2071 1193 2101 hist.
1224 2075 1290 2102 nat.
1307 2069 1428 2105 xvlll,
1451 2071 1493 2103 86
1518 2070 1571 2102 dfe

905 2117 986 2147 ohne
1035 2116 1212 2147 nierklichc
1253 2115 1332 2146 Lul't
1380 2114 1570 2157 spielenden

904 2161 1039 2198 Bliilter,
1072 2161 1123 2192 die
1149 2160 1422 2200 lwrumllicgcude
1449 2160 1571 2191 Flockc

904 2217 963 2237 von
980 2206 1120 2248 Pappcln
1136 2206 1217 2238 oder
1233 2206 1331 2242 Duru,
1362 2205 1425 2237 und
1445 2205 1497 2237 die
1509 2205 1571 2236 Fc-

903 2251 971 2287 der,
994 2251 1045 2282 die
1060 2250 1358 2283 ausdcmWasser
1372 2250 1566 2282 sclnvinnnt.

947 2298 1112 2329 :tw-92.
1155 2297 1211 2328 Ais
1236 2296 1382 2328 Vorhote
1416 2296 1472 2327 des
1505 2295 1571 2326 lle—

901 2352 981 2381 gens
1005 2342 1090 2373 wird
1117 2347 1230 2373 zuei-st
1253 2345 1395 2378 genannt
1418 2340 1477 2371 (las
1503 2339 1568 2370 Bli-

900 2392 973 2418 tzcn
1007 2387 1039 2417 in
1072 2387 1157 2418 allen
1181 2388 1201 2419 4
1228 2384 1564 2424 llimmelsgegenden.

902 2450 941 2456 —-
966 2438 1069 2475 quinto.
1097 2443 1122 2463 s.
1143 2431 1178 2463 Z.
1209 2430 1319 2473 §4SL
1341 2447 1382 2452 —
1407 2441 1569 2472 numquam

927 2500 955 2508 ..
985 2480 1102 2519 abfuit:
1129 2477 1207 2507 noch
1223 2475 1274 2506 nie
1297 2475 1349 2505 hat
1365 2474 1424 2505 den
1444 2474 1566 2505 aufdie
1610 2485 1617 2491 ·

901 2521 1042 2553 Znichen
1069 2522 1127 2553 der
1141 2520 1249 2553 Natur
1263 2520 1443 2551 (ιι-1116116611
1460 2519 1570 2551 Land-

902 2577 995 2598 mann
1022 2566 1072 2597 rin
1091 2567 1282 2605 Regenguss
1307 2575 1342 2596 so
1360 2564 1562 2601 iihcrrascht,

903 2612 978 2644 dass
1015 2621 1052 2643 61·
1083 2611 1172 2644 scine
1198 2610 1424 2651 Maussrcgeln
1449 2610 1572 2642 vorher
