1682 2979
571 150 792 184 AENEIDOS
813 150 892 184 [ΑΒ.
917 150 988 183 ΧΠ.

85 268 180 308 Hinc
200 272 309 319 pater
328 264 496 314 Aeneas,
520 264 716 304 Romanae
737 262 868 316 stirpis
890 262 1014 315 origo,

84 323 244 363 Sidereo
267 321 434 374 flagrans
457 321 580 374 clipeo
602 328 640 360 et
660 318 893 360 caelestibus
915 318 1049 363 armis,

82 379 132 418 Et
153 379 263 418 iuxta
283 377 492 426 Ascanius,
516 390 677 430 magnae
699 388 788 428 spes
808 375 929 414 altera
950 373 1112 421 Romae,

82 435 301 475 Procedunt
322 434 478 483 castris,
502 445 671 485 puraque
694 432 733 470 in
754 437 863 470 veste
885 429 1068 469 sacerdos
1119 435 1121 438 '

69 490 306 544 ‘Saetigerae
329 492 444 529 fetum
467 488 548 529 suis
569 487 839 539 intonsamque
860 486 1054 526 bidentem

81 546 235 596 Attulit,
256 546 501 598 admovitque
523 557 638 597 pecus
660 543 911 597 flagrantibus
933 543 1029 583 aris.

82 603 140 644 Illi
161 604 206 643 ad
229 608 450 656 surgentem
473 601 655 641 conversi
676 600 821 641 lumina
842 600 963 640 solem

81 660 182 698 Dant
203 659 333 711 fruges
355 658 531 698 manibus
553 657 693 706 salsas,
723 665 760 697 et
780 663 956 712 tempora
978 656 1080 695 ferro

80 714 235 755 Summa
257 722 392 755 notant
414 714 614 768 pecudum,
642 714 860 768 paterisque
881 713 1017 753 altaria
1037 711 1171 752 libant.

80 771 177 811 Tum
200 772 282 825 pius
302 770 456 811 Aeneas
478 770 614 810 stricto
637 771 693 810 sie
715 784 808 810 ense
830 776 1031 823 precatur:

80 828 174 868 Esto
195 842 297 868 nune
320 827 385 867 Sol
407 827 518 868 testis
541 834 579 867 et
600 828 692 867 haee
716 826 807 867 mihi
829 827 952 866 Terra
976 825 1144 874 vocanti,

81 883 202 935 Quam
227 891 383 938 propter
403 891 531 924 tantos
553 884 659 937 potui
680 887 855 937 perferre
875 883 1043 931 labores,

79 941 129 980 Et
147 941 264 980 Pater
285 941 544 994 omnipotens,
569 946 608 979 et
627 947 669 980 tu
691 939 873 980 Saturnia
892 940 1079 987 coniunx,

80 996 158 1036 Iam
181 997 334 1046 melior,
358 997 449 1046 iam,
475 997 577 1045 diva,
604 1010 762 1049 preeor3
795 1004 913 1049 tuque
938 996 1082 1035 inclute
1103 995 1276 1044 Mavors,

80 1051 227 1092 Cuncta
251 1060 315 1092 tuo
337 1053 399 1105 qui
423 1053 535 1102 bella,
561 1060 684 1106 pater,
709 1053 778 1093 sub
801 1052 957 1092 numine
978 1059 1160 1105 torquem,

78 1109 289 1161 Fontisque
311 1109 546 1162 Fluviosque
568 1123 681 1158 voco,
707 1122 878 1163 quaeque
900 1109 1068 1148 aetheris
1090 1108 1157 1148 alti

77 1165 242 1218 Religio,
268 1173 307 1205 et
329 1179 427 1218 quae
448 1167 628 1206 caeruleo
649 1174 739 1206 sunt
759 1169 914 1206 numina
938 1171 1080 1218 ponto:

79 1221 253 1262 Cesserit
273 1221 447 1262 Ausonio
470 1223 502 1262 si
525 1223 606 1262 fors
626 1223 794 1262 victoria
814 1223 960 1270 Turno,

78 1278 273 1318 Convenit
292 1278 466 1318 Euandri
489 1279 609 1318 victos
627 1279 831 1320 dise-edere
853 1278 899 1317 ad
920 1276 1078 1327 urbem3

80 1334 199 1374 Cedet
220 1335 323 1375 Iulus
346 1335 476 1388 agris3
508 1349 578 1374 nee
605 1342 693 1388 post
714 1349 821 1374 arma
843 1334 921 1374 ulla
942 1333 1107 1373 rebelles

77 1391 283 1431 Aeneadae
302 1392 491 1441 referent,
515 1392 672 1431 ferrove
693 1391 788 1431 haec-
810 1404 932 1444 regna
955 1391 1166 1430 lacessent.

78 1447 146 1486 Sin
168 1455 344 1487 nostrum
366 1447 544 1488 adnuerit
565 1448 676 1489 nobis
698 1448 873 1487 Victoria
894 1447 1073 1496 Martem,
1098 1471 1152 1475 -

77 1503 128 1544 Ut
148 1504 275 1558 potius
296 1518 404 1553 reor,
429 1512 467 1544 et
487 1505 613 1557 potius
636 1505 672 1543 di
693 1504 851 1543 numine
873 1503 1026 1543 firment
1046 1527 1099 1533 -—

76 1560 165 1600 Non
187 1573 260 1612 ego
283 1573 354 1599 nec
376 1560 542 1600 Teucris
565 1560 681 1600 Italos
703 1574 841 1614 parere
862 1559 1017 1609 iubebo,

75 1615 157 1656 Nee
179 1616 274 1656 mihi
294 1630 416 1670 regna
437 1623 548 1670 peto3
581 1616 738 1670 paribus
761 1631 804 1657 se
825 1616 975 1670 legibus
998 1615 1134 1657 ambae

77 1718 217 1758 Mutter,
241 1719 294 1750 die
314 1717 462 1761 Nymphe
481 1717 611 1750 Marica
630 1720 675 1760 (s.
694 1721 734 1751 A.

76 1763 148 1801 Vll,
168 1765 238 1804 47),
260 1765 320 1796 mit
338 1765 399 1796 der
415 1764 527 1802 Circe,
549 1765 610 1796 der
628 1764 739 1796 Toch-

76 1814 131 1841 ter
150 1810 210 1841 des
230 1809 404 1850 Phoebus,
431 1810 633 1842 identifieirt
649 1821 738 1842 wur-

78 1855 132 1887 de.
162 1873 206 1877 —
227 1857 374 1896 puram
394 1859 497 1893 vesle,
529 1856 561 1886 d.
584 1856 615 1887 h.
636 1856 669 1887 in
689 1856 738 1887 ei-

77 1910 152 1932 nem
171 1901 315 1931 weissen
335 1899 519 1940 Gewande,
549 1901 608 1932 das
638 1901 735 1932 keine

76 1945 457 1987 Purpurverzierungen
480 1947 586 1985 hatte,
605 1948 673 1986 vgl.
692 1947 733 1977 A.

76 1990 138 2031 XI,
160 1990 236 2021 711.
263 2008 303 2013 —
329 1994 419 2022 saet-
439 1992 513 2032 set.
539 1994 627 2031 suis,
655 2002 682 2022 s.
703 2002 734 2022 z.

76 2036 119 2068 A.
138 2035 229 2076 VIII,
250 2036 327 2068 641.
347 2054 390 2059 —
405 2037 515 2078 sir-ag.
535 2036 634 2076 sals„
658 2036 690 2068 d.
710 2036 733 2068 i.

77 2082 132 2113 die
149 2082 244 2113 mola
263 2081 374 2120 salsa,
402 2092 429 2113 s.
450 2092 480 2113 z.
502 2082 540 2113 E.
564 2082 595 2122 S,
617 2082 671 2113 81.
694 2099 732 2105 —

80 2127 232 2168 temp.f.
252 2137 281 2157 s.
302 2130 391 2166 not.,
412 2127 444 2157 d.
459 2127 490 2158 h.
511 2127 560 2158 sie
579 2127 738 2158 bezeich-

79 2182 143 2203 nen
171 2172 224 2203 die
242 2170 365 2203 Thiere
394 2171 557 2211 dadurch,
587 2173 666 2204 dass
685 2174 734 2204 sie

77 2217 179 2249 ihnen
192 2217 392 2248 Stirnhaare
410 2217 636 2249 abschneiden
651 2218 732 2259 (vgl.

77 2263 118 2295 A.
145 2260 202 2304 Vl,
233 2263 326 2302 245),
357 2262 408 2294 als
434 2261 663 2304 Opferthiere.
695 2282 736 2287 —

72 2311 153 2350 pat.
172 2309 226 2340 alt
258 2308 335 2348 lz‘b.‚
358 2308 453 2348 „und
471 2309 591 2339 weih’n
610 2309 662 2340 die
681 2309 737 2340 ΑΙ-

77 2354 152 2385 tare
177 2353 239 2385 niit
255 2353 464 2392 Seliaalen,“
492 2354 523 2384 d.
545 2355 577 2385 h.
605 2355 655 2386 sie
683 2355 738 2386 be-

81 2408 248 2440 sprengen
276 2400 330 2430 die
349 2399 466 2430 Altfire
485 2400 545 2431 mit
564 2400 625 2431 der
643 2401 738 2432 heili-

81 2453 144 2484 gen
163 2443 309 2485 Spende.
331 2463 372 2468 —
400 2443 433 2476 ln
453 2445 606 2476 welchen
627 2445 737 2477 Punk-

82 2493 136 2520 ten
165 2489 291 2520 stimmt
310 2487 404 2529 Virg.
425 2490 457 2521 in
485 2490 545 2521 der
562 2491 739 2523 Beschrei-

82 2535 172 2575 bung
215 2535 276 2566 der
316 2533 608 2576 Vorbereitungen
661 2547 735 2569 zum

80 2580 368 2612 entscheidenden
403 2580 635 2625 Zweikampse
677 2584 737 2614 mit

807 1719 901 1751 Hom.
923 1719 962 1752 ll.
983 1718 1039 1757 III,
1061 1718 1238 1750 261—319
1258 1719 1411 1755 iibereln,
1433 1718 1466 1749 in

806 1766 955 1796 weit-hen
978 1765 1101 1796 weielit
1118 1775 1155 1795 er
1173 1764 1236 1795 ab?

851 1821 883 1842 v.
906 1810 1072 1842 176-94.
1107 1820 1212 1852 quam
1228 1812 1364 1851 propt.²
1395 1809 1464 1849 vgl.

806 1855 902 1888 Hom.
916 1856 954 1888 Il.
976 1855 1091 1895 1‚162.
1111 1873 1155 1878 —-
1172 1858 1244 1886 iam
1261 1855 1360 1893 meh,
1380 1857 1465 1894 iam,

806 1901 906 1941 diva,
939 1912 1020 1942 prn,
1057 1901 1170 1940 „jetzt
1195 1901 1260 1932 mir
1286 1900 1464 1939 versb'hnt,

800 1947 901 1987 jetzt‚
931 1946 1060 1984 Gottin,
1088 1957 1124 1977 so
1150 1944 1226 1977 sseh'
1245 1946 1349 1986 ich;“
1379 1946 1465 1976 denn

805 1992 916 2022 bonus
943 1992 1018 2022 bez.
1048 1990 1139 2022 {ister
1157 1992 1211 2022 die
1232 1990 1465 2030 Geneigtheit‚

805 2037 865 2068 das
880 2036 1121 2073 VVohlwollen,
1141 2037 1208 2076 vgl.
1230 2035 1328 2078 Prop.
1351 2036 1393 2076 Il,
1412 2036 1463 2076 125,

804 2082 867 2113 22:
887 2093 988 2123 saepe
1005 2081 1141 2123 Cupido
1154 2083 1243 2113 Huic
1261 2083 1378 2114 malas
1393 2091 1466 2113 esse

803 2128 907 2166 solet,
929 2130 987 2159 eus
1004 2128 1113 2159 bonus
1131 2128 1317 2169 antefuit.
1354 2127 1464 2159 Plaut.

804 2173 901 2215 Capt.
921 2172 961 2207 V.
985 2173 1014 2213 1,
1037 2173 1096 2204 19:
1126 2177 1190 2214 qni
1211 2174 1300 2204 mihi
1324 2173 1462 2213 melior,

804 2229 907 2260 quam
927 2220 1008 2256 sibi,
1037 2220 1274 2260 sempersuz't.
1303 2236 1347 2241 —
1374 2219 1465 2250 bella

805 2268 896 2305 torq.
926 2268 1087 2304 torquere
1105 2265 1214 2295 lieisst
1232 2268 1338 2295 etwas
1359 2264 1463 2295 durch

805 2309 1032 2349 Umschwung
1051 2310 1081 2340 in
1102 2308 1198 2349 Gang
1217 2309 1370 2349 bringen,
1391 2309 1463 2340 also

806 2356 896 2387 bella
919 2358 1081 2396 torquere
1100 2355 1163 2386 den
1176 2354 1272 2393 Gang
1290 2355 1351 2386 der
1368 2353 1467 2386 Hrie·

805 2401 978 2440 geleiten.
999 2418 1044 2423 —
1069 2401 1251 2431 aemam
1266 2400 1346 2437 rel„
1377 2401 1464 2441 „des

795 2447 928 2477 -oberen
944 2446 1085 2477 Aethers
1105 2446 1230 2486 heilige
1251 2445 1407 2477 Maelit.“
1422 2464 1465 2469 ——

806 2494 961 2531 cesserlt,
993 2501 1019 2522 s.
1040 2502 1070 2523 z.
1091 2491 1129 2522 A.
1151 2491 1208 2531 lll,
1229 2491 1307 2523 297.
1343 2509 1376 2514 —
1405 2502 1466 2524 no-

805 2541 870 2568 str.
892 2537 1014 2576 Mart„
1036 2537 1211 2577 giinstiges
1225 2536 1463 2578 Rriegsgliick,

806 2593 833 2614 s.
856 2593 886 2614 z.
909 2582 949 2614 G.
971 2582 1026 2622 IV,
1048 2582 1100 2615 22.
1130 2599 1173 2605 ——-
1193 2583 1358 2624 paribus,
1385 2594 1413 2615 s.
1434 2595 1463 2615 z.

1389 150 1478 204 203,

1490 495 1552 527 170

1490 776 1550 808 175

1489 1057 1551 1089 180

1489 1340 1549 1372 155

1488 1623 1549 1654 190
