1682 2979
550 213 772 246 AENEIDOS
797 215 878 246 LlB.
907 215 963 247 IV.

1402 198 1480 249 125

66 312 132 351 Sic
163 313 312 359 veniat3
344 317 463 362 tuque
494 312 581 363 ipsa
610 313 675 364 pia
708 320 793 364 tege
823 319 1002 364 tempora
1031 315 1138 355 vitta.

65 368 185 406 Sacra
216 367 296 406 Iovi
328 367 475 419 Stygio,
508 380 608 419 quae
638 369 712 408 rite
743 370 897 419 incepta
929 371 1076 418 paravi,

61 423 260 461 Perficere
291 430 350 462 est
381 423 553 469 animus,
585 424 782 474 finemque
813 424 1004 474 inponere
1037 425 1153 471 curis,

60 477 326 528 Dardaniique
357 490 494 528 rogum
527 479 668 529 capitis
700 480 929 530 permittere
960 480 1153 518 flammae.

62 533 128 572 Sic
159 533 226 571 ait.

284 533 354 572 Illa
386 535 548 584 gradum
579 534 711 572 studio
742 534 939 573 celerabat
969 535 1127 574 anilem.

60 589 107 627 At
140 589 312 638 trepida,
345 595 381 628 et
412 590 566 640 coeptis
597 590 822 628 inmanibus
855 591 973 628 effera
1004 590 1117 637 Dido,

61 643 324 693 Sanguineam
355 645 514 684 volvens
547 645 682 690 aciem,
715 645 959 695 maculisque
992 647 1194 686 trementis

59 699 257 750 Intersusa
287 711 420 749 genas,
452 706 490 738 et
518 700 675 750 pallida
695 708 819 739 morte
850 701 992 747 sutura,

59 753 252 793 Interiora
285 755 424 793 domus
456 755 648 806 inrumpit
677 756 824 801 limina,
858 763 896 794 et
926 756 1026 794 altos

62 809 304 848 Conscendit
334 811 543 849 furibunda
575 823 704 860 rogos,
739 823 951 861 ensemque
982 811 1150 849 recludit

21 871 27 874 ”
58 864 318 912 Dardanium,
350 878 430 904 non
462 866 535 903 hos
568 866 789 916 quaesitum
820 878 962 903 munus
994 865 1033 903 in
1066 878 1172 904 usus.

58 919 143 966 Hic,
175 926 385 971 postquam
417 920 555 958 Iliacas
587 926 716 958 vestes
747 928 961 970 notumque
993 920 1122 958 cubile

59 975 294 1025 Conspexit,
325 975 484 1025 paulum
516 975 695 1012 lacrimis
724 980 762 1012 et
791 981 922 1013 mente
953 981 1115 1021 morata,

55 1030 317 1080 Incubuitque
351 1039 448 1075 toro,
480 1030 654 1080 dixitque
686 1029 900 1078 noviss-ima
932 1029 1070 1067 verba:

56 1085 199 1124 Dulces
233 1085 404 1131 exuviae,
436 1085 527 1123 dum
560 1085 637 1123 sata
669 1084 843 1135 deusque
876 1085 1070 1130 sinebant,

55 1140 234 1191 Accipite
265 1141 367 1179 hanc
398 1140 580 1186 animam,
613 1152 755 1190 meque
785 1140 848 1178 his
881 1140 1068 1178 exsolvite
1100 1141 1218 1179 curis.

56 1196 153 1242 Vixi,
186 1201 235 1242 et,
268 1207 383 1246 quem
415 1196 577 1234 dederat
608 1208 765 1233 cursum
798 1196 964 1240 fortuna,
997 1196 1153 1246 peregi3

55 1251 105 1290 Et
135 1263 238 1289 nunc
268 1263 407 1300 magna
437 1251 514 1289 mei
546 1251 617 1289 sub
651 1258 775 1289 terras
806 1250 880 1288 ibit
909 1250 1052 1299 imago.

59 1306 200 1345 Urbem
231 1306 471 1356 praeclaram
504 1306 647 1352 statui;
679 1318 764 1344 mea
796 1305 953 1344 moenia
985 1305 1084 1352 vidi,

55 1362 143 1400 Ulta
175 1361 319 1408 virum,
351 1374 502 1412 poenas
534 1362 695 1400 inimico
729 1374 748 1399 a
781 1361 900 1403 fratre
931 1361 1093 1411 1¹ecepi3

56 1416 177 1463 Felix,
209 1417 286 1455 heu
318 1417 480 1455 nimium
513 1417 616 1461 felix,
650 1417 683 1455 si
717 1417 830 1455 litora
862 1422 1013 1455 tantum

55 1472 277 1522 Numquam
307 1473 526 1511 Dardaniae
558 1472 782 1522 tetigissent
813 1478 947 1510 nostra
980 1471 1156 1510 carinae!

56 1527 174 1573 Dixit,
207 1536 256 1573 et,
289 1539 333 1565 os
365 1528 546 1578 inpressa
580 1532 678 1573 toro,
711 1527 924 1566 Moriemur
954 1527 1113 1571 inultae,

57 1582 136 1620 Sed
166 1583 393 1627 moriamur,
425 1584 490 1620 ait.

553 1583 631 1627 Sic,
664 1583 722 1620 sic
753 1582 858 1620 iuvat
887 1582 943 1620 ire
977 1582 1046 1620 sub
1080 1581 1252 1620 umbras.

57 1637 222 1675 Hauriat
251 1637 355 1675 hunc
387 1637 511 1675 oculis
542 1637 670 1686 ignem
702 1637 873 1675 crudelis
904 1637 950 1674 ab
983 1637 1060 1674 alto

40 1692 275 1737 *Dat-danus,
308 1698 346 1730 et
376 1698 534 1731 nostrae
567 1704 700 1730 secum
732 1693 832 1730 serat
862 1692 993 1730 omina
1024 1691 1176 1729 mortis.

56 1747 237 1793 Dixerat3
268 1753 382 1797 atque
414 1747 521 1785 illam
550 1748 679 1786 media
712 1747 816 1785 inter
846 1747 936 1785 talia
968 1747 1072 1784 ferro

59 1802 294 1852 Conlapsam
326 1802 524 1852 aspiciunt
554 1803 731 1848 comites,
763 1814 976 1852 ensemque
1009 1813 1148 1839 cruore

58 1857 335 1907 Spumantem,
369 1869 606 1907 sparsasque
638 1870 790 1895 manus

850 1857 884 1895 It
914 1858 1061 1895 clamor
1092 1856 1137 1894 ad
1170 1856 1244 1894 alta

56 1912 188 1959 Atria3
227 1924 459 1953 concussam
492 1913 705 1950 bacchatur
735 1913 837 1950 fama
869 1924 941 1963 per
971 1911 1121 1950 urbem.

57 2042 250 2074 Priesterin.
298 2060 337 2065 ——
387 2043 462 2073 Iovi
494 2042 617 2084 Styga,
658 2043 730 2073 (lein

57 2087 164 2124 Pluto,
201 2087 260 2117 der
284 2087 366 2117 auch
390 2097 454 2117 von
478 2087 540 2118 deu
567 2086 730 2118 Gricchen

57 2129 144 2165 Ζεὺς
166 2128 407 2173 καταχθόνιος
431 2136 573 2170 genauut
597 2131 725 2162 wurde.

57 2193 100 2198 ——
125 2175 234 2206 Dat-(I.
262 2185 349 2216 vogn,
376 2186 449 2216 cap.
488 2175 547 2206 Mit
572 2175 631 2206 der
647 2175 730 2206 Ver-

56 2219 228 2258 brennung
252 2219 310 2250 des
326 2218 436 2251 Bildes
462 2222 499 2256 (s.
514 2219 637 2250 obeuv.
653 2221 730 2259 505)

58 2263 124 2295 und
148 2263 232 2294 aller
257 2263 394 2300 Sachen,
425 2263 477 2294 die
505 2264 552 2295 sie
578 2274 639 2295 von
667 2264 730 2294 ihm

0 2311 5 2315 '
57 2307 188 2344 hesass,
219 2307 314 2339 sollte
340 2308 422 2339 auch
448 2308 517 2339 sein
550 2308 731 2339 Andenken

58 2351 160 2390 viillig
182 2352 319 2392 vertilgt
350 2353 497 2383 werden.
527 2371 569 2375 —
602 2352 730 2392 studio,

62 2393 212 2438 στουδῇ,
238 2396 296 2427 luit
318 2396 422 2433 Eiser,
451 2396 636 2436 vgl.A.Y1‚
652 2398 727 2429 631.

105 2450 136 2470 v.
165 2440 329 2473 642-50.
365 2451 435 2472 non
460 2441 490 2472 Ιι.
518 2451 631 2481 quaes.
659 2450 732 2471 mn-

62 2494 127 2514 nus
152 2485 188 2514 in
215 2493 261 2514 us.
309 2483 354 2515 Es
396 2484 477 2524 liegt
510 2489 615 2516 etwas
648 2484 733 2515 Ver-

60 2526 321 2566 hiingnissvolles
359 2529 471 2564 darin,
524 2529 601 2560 dass
648 2528 730 2559 Dido

63 2572 164 2603 durch
190 2571 248 2603 das
271 2581 334 2603 von
367 2572 418 2604 ihr
442 2572 546 2604 selbst
571 2582 644 2603 zum
669 2571 734 2603 Ge-

791 2396 882 2426 'Reiz
921 2397 976 2426 hat
1016 2396 1068 2426 fiir
1100 2395 1182 2425 niicli

801 2042 922 2073 sclienk
948 2041 1105 2073 erbetene
1130 2042 1281 2072 Schwert
1306 2041 1370 2072 des·
1388 2042 1469 2072 Aen.

801 2087 893 2117 ihren
932 2085 1002 2117 Tod
1042 2086 1160 2122 findet3
1214 2085 1361 2125 gleic'nen
1401 2084 1473 2116 Tod

801 2131 920 2162 funden
938 2130 1111 2167 Herkulcs,
1143 2130 1268 2161 Hektor
1293 2129 1356 2160 und
1372 2130 1470 2170 Ajax.

844 2186 874 2205 v.
905 2177 1071 2208 651—62.
1119 2185 1254 2216 poenas
1279 2184 1365 2211 rea,
1404 2172 1470 2212 vgl.

801 2220 840 2250 A.
856 2218 877 2255 l,
895 2221 1059 2252 360-64.
1081 2237 1122 2242 —-·
1140 2218 1208 2258 δίο,
1228 2220 1278 2249 sic
1296 2220 1393 2248 iuva!
1424 2219 1474 2247 ire

798 2264 860 2295 sul)
896 2264 1044 2294 mnbmcs.
1093 2262 1162 2294 Der
1192 2262 1475 2299 Zusauuuenhaug

801 2308 862 2338 ist:
892 2307 1038 2346 obgleich
1065 2307 1113 2337 ich
1141 2307 1322 2345 ungeriicht
1349 2304 1469 2341 sterbe,

801 2351 870 2382 will
896 2351 945 2382 ich
973 2351 1052 2381 (loch
1079 2351 1231 2385 slei-bem
1268 2360 1302 2381 so
1336 2359 1473 2387 grossen

1223 2394 1282 2424 der
1314 2392 1397 2424 Tod.
1434 2409 1475 2413 —

801 2441 896 2478 ferat
929 2441 1045 2471 omina
1078 2442 1198 2477 morl„
1238 2437 1302 2477 vgl.
1333 2437 1415 2468 oben
1438 2447 1470 2468 v.

803 2485 878 2516 385.

847 2539 876 2560 v.
903 2529 1068 2560 663-74.
1130 2529 1279 2566 comiles,
1316 2526 1475 2558 zuniichst

801 2571 867 2603 wol
893 2572 944 2603 die
970 2572 1073 2602 Barce
1112 2572 1176 2602 und
1203 2571 1262 2602 auf
1284 2570 1382 2602 deren
1410 2569 1472 2601 Ge-

1494 496 1556 527 640

1492 771 1554 802 645

1491 1046 1555 1077 650

1491 1322 1553 1352 055

1491 1598 1553 1629 060

1490 1874 1551 1905 665
