1682 2979
588 143 809 178 AENElDOS
828 145 912 178 LlB.
933 144 1012 178 ΧΠ.

102 259 167 300 Bis
187 258 263 298 iam
286 256 404 297 Italos
427 256 568 307 hostis,
599 257 693 298 haec
712 258 786 297 iam
810 256 933 297 altera
955 257 1111 297 foedera
1132 258 1274 312 rumpi.

99 313 292 354 Exoritur
313 313 484 367 trepidos
505 314 610 354 inter
630 313 821 353 discordia
843 312 959 352 civis:

102 369 242 410 Urbem
266 370 330 410 alii
353 383 533 411 reserare
553 370 687 409 iubent
707 375 746 409 et
765 368 935 422 pandere
957 375 1088 421 portas

100 426 348 475 Dardanidis,
371 426 573 478 ipsumque
593 424 752 465 trahunt
772 425 811 464 in
833 425 986 464 moenia
1006 437 1137 477 regem
1154 443 1164 476 3

97 483 219 522 Arma
240 483 371 522 ferunt
390 482 453 521 alii
476 488 700 534 etpergunt
719 480 928 521 defendere
950 494 1106 529 murosz

100 538 274 580 Inclusas
296 545 337 578 ut
357 552 440 578 cum
464 537 660 578 latebroso
681 537 722 576 in
743 537 893 590 pumice
914 544 1046 590 pastor

97 594 318 647 Vestigavit
338 607 446 647 apes,
470 595 652 647 fumoque
673 593 836 647 inplevit
856 607 1014 644 amaro3

98 651 192 690 Illae
212 650 316 690 intus
337 650 510 703 trepidae
531 663 660 690 rerum
685 663 754 704 per
774 663 888 690 cerea
911 658 1041 690 castra

95 706 344 756 Discurrunt,
368 706 595 760 magnisque
615 713 760 747 acuunt
780 707 1015 746 stridoribus
1037 706 1140 755 iras3

95 762 278 803 Volvitur
298 770 384 802 ater
406 764 501 803 odor
521 763 657 813 tectis3
692 770 772 804 tum
795 776 993 804 murmure
1015 776 1133 803 caeco

97 819 204 860 Intus
228 832 326 859 saxa
349 827 513 868 sonant3
546 834 691 860 vacuas
712 819 744 859 it
763 821 889 860 fumus
912 820 959 859 ad
981 833 1114 859 auras.

207 875 358 916 Accidit
379 875 473 917 haec
494 876 610 916 fessis
633 877 744 918 etiam
769 877 925 916 fortuna
945 876 1113 925 Latinis,

97 931 204 983 Quae
225 938 344 972 totam
367 932 472 973 luctu
493 933 692 973 concussit
715 933 884 973 funditus
906 932 1056 973 urbem.

95 988 244 1041 Regina
266 994 307 1028 ut
328 988 443 1028 tectis
465 989 684 1029 venientem
707 989 893 1043 prospicit
913 988 1079 1038 hostem,

96 1044 240 1084 Incessi
263 1058 411 1095 muros,
435 1045 536 1098 ignis
558 1046 604 1085 ad
627 1052 729 1086 tecta
750 1046 900 1095 volare,

93 1100 293 1154 Nusquam
315 1101 417 1141 acies
439 1109 577 1142 contra
597 1102 775 1151 Rutulas,
802 1102 908 1142 nulla
929 1102 1081 1155 agmina
1104 1101 1252 1141 Turni:

96 1157 238 1197 Infelix
260 1171 412 1210 pugnae
434 1158 613 1199 iuvenem
636 1159 677 1198 in
698 1158 910 1199 certamine
932 1159 1055 1198 credit

93 1213 357 1263 Exstinctum‚
382 1221 436 1263 et,
465 1214 593 1254 subito
615 1223 784 1255 mentem
807 1214 959 1254 turbata
981 1215 1130 1261 dolore,

95 1270 145 1309 Se
167 1283 344 1310 caussam
366 1270 508 1310 clamat
528 1271 751 1323 crimenque
772 1277 960 1323 caputque
983 1270 1188 1320 malorum,

93 1326 292 1379 Multaque
313 1340 382 1379 per
403 1333 590 1367 maestum
614 1327 773 1367 demens
795 1327 909 1367 effata
931 1327 1117 1377 furorem,

94 1383 314 1436 Purpureos
336 1383 525 1423 moritura
546 1397 662 1423 manu
683 1383 864 1424 discindit
884 1383 1064 1432 amictus,

94 1438 143 1477 Et
164 1439 305 1478 nodum
326 1439 503 1479 informis
524 1440 593 1480 leti
614 1440 725 1480 trabe
747 1440 870 1480 nectit
890 1439 937 1479 ab
958 1439 1050 1479 alta.

95 1494 217 1545 Quam
239 1495 387 1535 cladem
410 1496 576 1535 miserae
596 1503 797 1549 postquam
821 1508 1011 1559 accepere
1031 1495 1210 1542 Latinae,

92 1550 191 1591 Filia
214 1552 336 1604 prima
356 1565 474 1591 manu
495 1552 616 1591 flavos
637 1552 803 1592 Lavinia
824 1551 941 1592 crinis

92 1607 142 1647 Et
162 1620 296 1648 roseas
318 1607 460 1647 laniata
482 1620 618 1660 genas,
643 1615 723 1647 tum
746 1616 877 1648 cetera
898 1608 1041 1648 circum

74 1662 240 1711 ·Turba‚
266 1663 384 1714 furit3
416 1671 606 1704 resonant
627 1664 702 1704 late
724 1664 973 1718 plangoribus
995 1665 1126 1705 aedes.

92 1719 192 1759 Hinc
214 1727 332 1760 totam
355 1720 492 1760 infelix
515 1720 698 1775 volgatur
719 1722 820 1761 fama
842 1735 910 1775 per
931 1721 1080 1761 urbem.

93 1775 312 1816 Demittunt
333 1784 506 1828 mentes3
540 1777 572 1816 it
591 1777 715 1818 scissa
738 1785 849 1818 veste
870 1778 1051 1827 Latinus,

95 1831 282 1885 Coniugis
305 1833 492 1874 attonitus
515 1833 604 1874 fatis
627 1834 808 1887 urbisque
828 1834 959 1883 ruina,

95 1888 288 1929 Canitiem
310 1889 496 1930 inmundo
519 1891 714 1944 perfusam
737 1891 901 1945 pulvere
922 1897 1100 1945 turpans,

1415 145 1491 185 221

94 2022 219 2056 Posten
238 2034 290 2055 am
309 2023 435 2057 Thore.
454 2042 498 2047 -—
524 2025 621 2057 haec.
644 2028 668 2057 z'.
689 2027 754 2058 alt.
826 2026 992 2058 brechens
1018 2026 1077 2066 ist,
1105 2025 1172 2066 vgl.
1193 2024 1349 2066 Propert.
1379 2024 1404 2065 Ι,
1436 2025 1488 2065 11,

84 2069 189 2111 foed.
234 2069 300 2101 Das
329 2076 421 2101 erste
448 2071 618 2102 Biindniss
646 2072 689 2102 ist
715 2073 752 2103 A.
826 2072 893 2104 30:
936 2072 993 2103 All
1029 2074 1183 2113 pereant
1216 2070 1325 2102 Baiae
1359 2073 1487 2102 crimen

94 2113 168 2153 Vll,
188 2114 252 2145 259
262 2115 342 2145 —85
362 2116 587 2157 besproeben.
615 2137 659 2142 —
687 2117 753 2149 lat.
825 2120 959 2149 amoris
977 2127 1104 2158 aquae.
1133 2115 1192 2156 Ill,
1208 2116 1260 2156 19,
1276 2116 1334 2147 15:
1355 2119 1487 2148 crimen

95 2162 131 2191 in
147 2170 260 2200 pum„
280 2159 349 2200 vgl,
370 2159 410 2192 G.
431 2159 487 2199 IV,
507 2161 562 2192 44.
583 2179 626 2184 --
640 2165 757 2198 ,υεεί-ί-
826 2166 862 2194 et
886 2163 949 2194 illa
968 2163 1062 2204 suit.
1092 2179 1135 2184 —
1160 2161 1241 2193 nod.
1265 2165 1311 2193 tr.
1332 2167 1423 2192 nect.
1444 2162 1487 2196 ab

92 2207 209 2246 gavit.
244 2203 352 2236 L'eber
371 2205 430 2237 das
449 2205 539 2237 Perf.
562 2217 590 2238 s.
611 2217 642 2238 z.
664 2208 699 2239 E.
725 2208 755 2248 1,
825 2209 915 2246 alta,
945 2209 1013 2247 vgl.
1044 2208 1139 2239 Hom.
1169 2207 1232 2238 Od.
1259 2206 1320 2246 ΧΙ,
1349 2207 1425 2239 278.
1447 2225 1488 2230 —

95 2251 151 2282 55.
170 2250 328 2291 —fum.
349 2261 435 2289 amc,
462 2253 524 2283 mit
541 2251 756 2285 beisseudem
826 2254 896 2295 ins.
917 2253 993 2284 leti.
1014 2254 1168 2295 informe
1185 2253 1270 2283 wird
1291 2252 1486 2285 diesen-Tod

95 2295 290 2327 Rauch.—
310 2299 498 2337 trepmer„
520 2299 757 2330 unentsclilos-
828 2303 976 2339 genannt
1008 2301 1068 2330 mit
1100 2297 1284 2329 Riicksicht
1324 2298 1386 2329 auf
1424 2299 1487 2330 den

95 2351 169 2380 sen,
198 2351 268 2373 was
296 2342 346 2372 sie
371 2342 453 2372 thuu
481 2342 603 2382 sollen,
629 2344 697 2381 vgl.
718 2346 756 2376 A.
828 2345 1001 2385 garstigen
1029 2343 1217 2382 Eindruck‚
1245 2343 1308 2375 den
1335 2344 1396 2375 der
1422 2344 1489 2376 An-

97 2385 124 2425 1,
146 2386 221 2418 178.
249 2404 293 2409 —
317 2397 386 2419 cer.
407 2391 530 2427 castr„
550 2389 616 2428 vgl.
637 2388 678 2421 G.
699 2388 755 2430 lv,
827 2389 917 2422 blick
935 2390 1029 2421 eines
1048 2389 1244 2430 Erb'angteu
1263 2390 1396 2429 macht3
1419 2390 1486 2430 vgl.

98 2431 177 2462 202.
197 2448 240 2454 —
258 2442 310 2463 ac.
330 2434 390 2472 ir„
410 2434 480 2474 vgl.
500 2436 541 2465 A.
562 2433 622 2474 lx,
642 2435 718 2467 464.
829 2435 892 2466 Sil.
915 2435 989 2466 Ital.
1018 2434 1043 2475 1,
1067 2435 1147 2466 166:
1175 2436 1280 2476 quem?
1295 2439 1487 2476 postquam

143 2486 176 2506 v.
197 2476 403 2509 593—613.
447 2479 649 2519 crimenq'ue
668 2481 759 2512 steht
828 2481 905 2512 diro
930 2491 1136 2522 suspensum
1163 2481 1288 2511 robore
1314 2481 1405 2512 vidit
1422 2481 1489 2512 De-

100 2521 175 2552 hier
214 2523 454 2565 metonymisch
488 2535 550 2555 zur
582 2525 662 2558 Bez.
698 2527 759 2557 der
817 2526 973 2569 formem
1011 2526 1279 2568 letz'samulus.
1319 2544 1362 2548 —
1402 2529 1485 2558 inm.

98 2565 248 2608 Person,
285 2569 413 2600 welche
437 2569 561 2602 Anlass
587 2571 646 2602 des
675 2570 758 2603 Ver-
824 2572 945 2614 pulv„
982 2572 1049 2612 vgl.
1078 2570 1116 2603 G.
1147 2570 1173 2612 l,
1203 2571 1258 2603 «Sl.
1300 2571 1393 2604 Hom.
1423 2571 1486 2603 Od.

1512 433 1576 465 585

1511 714 1575 746 590

1510 995 1574 1026 595

1510 1275 1572 1307 600

1508 1558 1571 1590 605

1509 1841 1572 1872 610
