1682 2979
563 209 782 242 AENElDOS
808 211 887 242 LIB.
917 210 969 241 ΙΙΙ.

1418 205 1468 243 91

62 313 227 364 Urgueri
258 313 361 353 mole
392 314 477 355 hac,
510 313 788 365 ingentemque
819 313 981 364 insuper
1011 317 1173 352 Aetnam

59 369 276 419 Inpositam
307 369 433 420 ruptis
464 369 660 407 flammam
693 369 893 420 exspirare
924 369 1111 415 caminis,

58 424 107 462 Et
136 424 283 462 sessum
316 424 498 474 quotiens
529 430 652 463 mutet
682 424 796 469 latus,
828 423 1039 461 intremere
1071 436 1227 462 omnem
1259 445 1266 452 -

57 478 254 517 Murmure
285 479 542 524 Trinacriam,
575 486 613 518 et
643 480 793 518 caelum
825 477 1030 516 subtexere
1062 479 1182 516 sumo.

56 533 219 572 Noctem
251 533 356 572 illam
386 534 477 572 tecti
509 534 617 572 silvis
649 533 821 572 inmania
852 538 1027 571 monstra

57 588 312 635 Perserimus,
344 601 428 636 nee,
460 602 559 640 quae
590 589 762 628 sonitum
793 588 856 627 det
889 601 1040 634 caussa,
1058 588 1260 628 sitiemus.

55 643 152 681 Nam
183 656 309 694 neque
340 652 451 683 erant
481 651 674 683 astrorum
707 645 829 694 ignes,
863 656 935 682 nec
964 643 1119 694 lucidus
1150 644 1283 684 aethra

57 698 219 737 Siderea
248 699 377 749 polus,
410 699 578 738 obscuro
609 700 678 738 sed
710 699 843 738 nubila
873 699 995 745 caelo,

55 753 102 791 Et
132 754 281 792 Lunam
314 754 353 792 in
384 754 518 792 nimbo
549 767 625 793 nox
655 755 889 805 intempesta
922 753 1092 793 tenebat.

166 809 329 847 Postera
361 809 515 859 iamque
547 809 633 848 dies
665 810 790 861 primo
823 809 1008 858 surgebat
1036 809 1132 852 Eoo,

53 863 366 914 Humentemque
397 867 544 902 Aurora
577 865 668 914 polo
700 864 917 902 dimoverat
946 864 1146 902 umbram:

54 918 147 956 Cum
181 918 311 957 subito
342 931 362 956 e
393 919 514 963 silvis,
547 919 673 956 macie
705 919 882 956 confecta
916 930 1112 968 suprema,

51 972 179 1022 Ignoti
211 985 309 1011 nova
341 974 465 1011 forma
496 973 566 1010 viri
599 973 901 1022 miserandaque
933 973 1039 1010 cultu

50 1028 236 1066 Procedit
266 1028 507 1078 supplexque
539 1039 677 1066 manus
708 1028 754 1065 ad
786 1027 901 1066 litora
935 1027 1073 1066 tendit.

50 1082 312 1133 Respicimus.

372 1082 459 1122 Dira
493 1082 659 1122 inluvies
691 1082 935 1133 inmissaque
966 1082 1100 1127 barba,

52 1137 284 1176 Consertum
314 1144 496 1187 tegumen
528 1138 677 1189 spinis,
710 1145 747 1176 at
779 1143 908 1177 cetera
941 1138 1091 1181 Graius,
1120 1145 1126 1149 “

49 1192 98 1230 Et
128 1193 323 1242 quondam
354 1193 492 1243 patriis
524 1194 572 1232 ad
604 1193 761 1232 Troiam
792 1193 938 1231 missus
969 1193 1008 1231 in
1040 1192 1173 1230 armis.

49 1247 166 1297 Isque
197 1247 263 1286 ubi
293 1248 512 1287 Dardanios
541 1248 698 1287 habitus
730 1255 769 1287 et
798 1248 917 1286 Troia
947 1247 1043 1286 vidit

48 1303 163 1341 Arma
194 1303 344 1353 procul,
375 1303 535 1354 paulum
565 1310 727 1354 aspectu
759 1303 997 1342 conterritus
1030 1302 1167 1347 haesit,

26 1357 328 1408 Continuitque
360 1358 540 1407 gradum3
580 1371 669 1397 mox
700 1371 788 1397 sese
819 1358 866 1397 ad
899 1358 1014 1396 litora
1045 1369 1237 1408 praeceps

51 1413 146 1452 Cum
176 1413 269 1452 fletu
300 1414 563 1464 precibusque
596 1414 708 1453 tulit:
742 1415 825 1452 'Per
853 1414 982 1452 sidera
1016 1414 1151 1459 testor,

47 1467 124 1506 Per
154 1474 468 1519 superos-atque
498 1470 573 1508 hoc
604 1469 701 1508 caeli
734 1469 922 1520 spirabile
943 1469 1097 1513 lumen,

48 1522 192 1562 Tollite
221 1535 296 1569 me,
328 1523 494 1570 Teucri3
527 1536 794 1575 quascumque
826 1523 1007 1563 abducite
1039 1529 1187 1567 terras3

47 1576 132 1615 Hoc
163 1583 223 1616 sat
253 1578 340 1616 erit.

400 1579 491 1617 Scio
524 1592 584 1617 me
616 1580 757 1618 Danais
789 1593 809 1617 e
840 1579 1035 1617 classibus
1066 1589 1197 1623 unum,

47 1632 96 1670 Et
124 1632 227 1672 bello
259 1633 401 1671 lliacos
435 1634 559 1672 l'ateor
587 1634 751 1684 petiisse
783 1634 956 1672 Penatis.

46 1686 123 1725 Pro
156 1700 245 1737 quo,
277 1687 311 1725 si
343 1688 504 1727 sceleris
537 1695 639 1727 tanta
673 1694 734 1727 est
764 1688 905 1727 iniuria
938 1687 1075 1732 nostri,

47 1743 226 1792 Spargite
256 1755 318 1781 me
350 1743 390 1781 in
420 1744 574 1790 fluctus,
604 1750 793 1794 vastoque
825 1743 1031 1792 inmergite
1061 1747 1197 1792 ponto.

47 1797 88 1835 si
121 1809 253 1847 pereo,
285 1798 487 1836 hominum
519 1799 699 1837 manibus
730 1798 899 1849 periisse
930 1797 1089 1836 iuvabit.

45 1851 220 1897 Dixerat,
252 1860 290 1890 et
319 1863 445 1900 genua
477 1855 676 1904 amplexus
709 1853 952 1904 genibusque
984 1852 1162 1890 volutans

46 1906 251 1946 Haerebat.
312 1907 387 1954 Qui
418 1908 480 1954 sit,
514 1909 598 1955 fari,
631 1921 707 1959 quo
739 1908 928 1959 sanguine
961 1913 1103 1952 cretus,

44 2037 104 2068 der
137 2038 244 2069 Aetna
283 2038 436 2079 gewalzt.
481 2057 516 2063 —
570 2042 713 2081 insuper

43 2083 176 2123 inpos„
200 2081 265 2121 vgl.
287 2084 325 2114 Α.
349 2083 373 2119 Ι,
396 2085 449 2116 61.
478 2103 518 2107 -
544 2088 711 2124 monstra,

45 2125 97 2156 die
123 2127 356 2164 grauseuhafte
381 2127 625 2168 Erscheinung,
657 2129 712 2159 de-

41 2178 101 2201 ren
127 2167 238 2200 Grund
264 2171 312 2202 sie
337 2172 416 2202 noch
442 2171 529 2204 nicht
553 2172 706 2204 kannten.

44 2232 86 2237 —
109 2211 203 2244 Nam
227 2224 337 2256 neque
361 2226 420 2255 er„
445 2215 510 2256 vgl.
539 2216 631 2247 Hom.
646 2217 706 2248 Od.

19 2256 293 2294 „1X,·144-—45.
321 2278 364 2282 —
398 2270 471 2291 noa:
495 2262 653 2302 intemp.,
680 2272 707 2292 s.

42 2311 72 2333 z.
101 2301 140 2333 G.
166 2302 192 2339 l,
219 2303 293 2336 247.

86 2355 118 2376 v.
147 2347 324 2381 588—99.
374 2348 608 2391 Respicimus,
645 2350 710 2381 wir

44 2389 186 2421 schauen
216 2392 279 2422 und
321 2393 462 2424 schauen
495 2394 547 2424 ibn
581 2403 634 2424 an.
669 2413 711 2417 —

45 2436 169 2474 cetera,
195 2433 236 2465 im
260 2435 431 2477 Uebrigen‚
461 2438 492 2469 d.
521 2438 551 2468 h.
581 2437 612 2468 iu
634 2437 711 2469 Hal-

45 2482 123 2517 tung
136 2477 200 2509 und
209 2478 367 2520 Rustung.
401 2481 486 2513 Dass
504 2481 564 2513 der
577 2482 711 2513 Freuid-

44 2520 112 2560 ling
135 2521 196 2553 den
222 2523 440 2564 trojanischen
467 2526 571 2565 Krieg
594 2526 711 2566 mitge-

43 2565 151 2597 uiacht
184 2566 284 2604 habe,
321 2567 364 2607 ist
394 2569 466 2601 eine
500 2570 601 2601 keeke
627 2569 710 2601 ver-

781 2040 954 2079 1uuthung,
991 2040 1043 2071 die
1069 2040 1110 2070 ini
1135 2039 1227 2071 Tone
1253 2040 1312 2072 der
1336 2050 1455 2080 ausge-

781 2085 930 2116 machten
968 2083 1148 2115 Wahrheit
1187 2085 1336 2121 austritt,
1388 2084 1452 2115 und

782 2128 849 2160 sich
875 2128 928 2160 bei
954 2129 1014 2160 «ten
1035 2128 1222 2168 Trojanern
1241 2128 1453 2169 augenblick-

779 2172 844 2204 lich
868 2173 982 2210 bildet,
1012 2172 1127 2205 sobald
1145 2173 1192 2204 sie
1207 2172 1238 2204 in
1257 2173 1329 2204 ‹leiu
1341 2173 1452 2204 Freni-

781 2217 843 2248 den
868 2218 961 2249 einen
982 2217 1143 2249 Griechen
1172 2217 1313 2249 erkannt
1337 2228 1377 2248 zu
1396 2218 1455 2248 ba-

779 2261 842 2293 ben
867 2261 1019 2301 glauben.

824 2316 855 2337 v.
884 2307 1065 2338 600—12.
1102 2305 1210 2337 Ueber
1246 2307 1307 2337 (len
1334 2304 1453 2336 Hiatus

779 2350 811 2380 in
832 2360 938 2391 pereo
964 2351 1052 2381 loom.
1079 2361 1105 2381 s.
1139 2349 1226 2381 Einl.
1256 2361 1286 2391 p.
1309 2348 1378 2380 Vll.
1407 2366 1451 2372 -—-

784 2394 953 2433 volutans,
979 2394 1046 2425 sich
1058 2394 1219 2425 walzend.
1243 2411 1283 2417 -—-
1310 2392 1444 2432 Quisit.

780 2440 829 2469 Ati
855 2438 928 2469 deni
950 2438 1082 2470 blossen
1098 2436 1225 2469 Numen
1244 2437 1301 2469 des
1315 2435 1452 2468 Fremd-

779 2482 863 2521 lings
889 2482 1008 2513 konnte
1042 2483 1104 2513 den
1137 2481 1325 2522 Trojanern
1362 2480 1450 2511 nicht

779 2526 844 2558 viel
868 2526 987 2564 hegen,
1018 2527 1065 2557 sie
1090 2525 1225 2557 wollten
1250 2525 1340 2557 seine
1355 2523 1445 2563 Lage

780 2571 844 2602 und
881 2571 970 2602 seine
1004 2569 1192 2602 Schicksale
1225 2570 1351 2601 kenneu
1383 2567 1448 2599 ler-

1485 383 1551 416 550

1482 661 1547 693 585

1479 936 1545 969 590

1476 1211 1543 1241 595

1472 1487 1539 1518 600

1469 1763 1536 1795 605
