1682 2979
0 2192 1 2199 ,
39 2184 79 2188 -
106 2165 182 2196 coll.
209 2173 326 2199 arma,

305 208 342 239 P.
370 207 535 240 VlRGlLl
559 207 754 240 MARONIS
779 207 999 240 AENEIDOS
1023 208 1104 240 LIB.
1134 208 1174 240 V.

1371 201 1447 239 129

39 308 230 356 Colligere
261 320 366 347 arma
397 307 505 346 iubet
532 308 751 359 validisque
781 308 1008 347 incumbere
1038 309 1171 356 remis,

0 398 2 403 .
39 363 302 413 Obliquatque
334 363 444 402 sinus
475 362 514 400 in
547 369 716 408 ventum,
749 374 795 401 ac
825 363 917 400 talia
951 364 1072 401 satur:

38 418 282 466 Magnanimo
311 422 454 462 Aenea,
486 429 585 463 non,
619 418 651 456 si
683 418 779 456 milii
809 417 987 467 Iuppiter
1016 424 1152 456 auctor

0 504 2 507 ,
37 473 258 522 spondeat,
288 473 364 511 hoc
395 485 549 523 sperem
580 472 730 511 ltaliam
763 472 992 521 contingere
1024 473 1145 511 caelo.

37 527 170 566 {lutati
203 532 424 566 transversa
452 529 625 566 fremunt
654 532 693 564 et
722 539 885 576 vespere
917 527 964 565 ab
997 532 1080 565 atro

37 583 286 631 Consurgunt
313 583 439 629 venti,
471 588 587 632 atque
617 582 657 621 in
688 582 831 620 nubem
863 581 1016 630 cogitur
1047 586 1125 620 aer.

37 638 116 676 Nec
146 649 219 675 nos
251 638 376 676 obniti
408 643 556 684 contra,
589 650 662 676 nee
692 637 856 675 tendere
889 642 1038 675 tantum

37 693 276 732 Sufficimus.

38 748 203 797 Quoque
233 752 358 792 vocat,
389 753 585 786 vertamus
617 747 702 785 iter.

337 693 506 742 Superat
539 692 725 742 quoniam
755 692 941 736 Fortuna,
975 703 1197 741 sequamur,

760 746 842 784 Nec
870 746 985 784 litora
1015 745 1132 795 longe

39 802 130 840 Fida
162 815 251 840 reor
281 803 453 840 fraterna
482 802 618 852 Erycis
649 807 865 852 portusque
897 801 1074 846 Sicanos,

37 858 78 895 Si
110 858 227 895 modo
259 857 332 895 rite
362 870 515 896 memor
546 862 695 894 servata
726 856 913 894 remetior
943 862 1061 893 astra.

37 913 134 950 Tum
165 912 255 962 pius
286 913 460 950 Aeneas:
490 911 683 960 Equidem
714 910 773 948 sic
803 921 970 959 poscere
999 915 1137 948 ventos

36 967 263 1005 Iamdudum
297 972 336 1004 et
365 967 510 1003 frustra
542 961 668 1003 cerno
693 970 729 1002 te
762 965 922 1003 tendere
954 970 1104 1002 contra.

36 1022 168 1060 Flecte
200 1021 300 1058 viam
331 1020 442 1058 velis.

502 1021 558 1058 An
592 1019 644 1057 sit
673 1018 770 1056 mihi
802 1019 950 1066 gratior
979 1018 1070 1063 ulla,

37 1077 172 1123 Quove
203 1075 328 1124 magis
358 1075 486 1113 fessas
519 1081 650 1124 optem
684 1073 889 1111 demittere
922 1072 1044 1118 navis,

37 1132 161 1178 Quam
193 1143 292 1180 quae
319 1129 561 1168 Dardanium
593 1129 708 1167 tellus
740 1128 835 1166 mihi
867 1135 997 1166 servat
1025 1128 1205 1174 Acesten,

36 1188 82 1226 lit
111 1187 234 1236 patris
265 1185 460 1224 Anchisae
492 1185 641 1234 gremio
675 1183 938 1233 conplectitur
968 1181 1093 1221 ossa‘?

38 1243 140 1281 llaec
172 1241 236 1289 ubi
270 1240 384 1285 dicta⁷
417 1245 555 1290 petunt
584 1246 736 1290 portus,
770 1244 805 1276 et
836 1238 919 1276 vela
952 1237 1117 1276 secundi

35 1296 246 1336 Intendunt
274 1295 463 1345 Zephyri3
497 1295 620 1333 fertur
651 1294 729 1332 cita
759 1293 912 1343 gurgite
945 1292 1098 1338 classis,

35 1354 83 1392 Et
114 1352 268 1390 tandem
298 1350 391 1389 laeti
421 1357 536 1389 notae
569 1350 822 1388 advertuntur
853 1360 1007 1386 arenae.
1087 1344 1092 1350 ’

147 1408 194 1445 At
222 1406 360 1457 procul
393 1418 438 1443 ex
470 1405 575 1444 celso
607 1405 772 1443 miratus
803 1404 949 1451 vertice
981 1402 1126 1440 montis

35 1463 251 1502 Adventum
282 1461 489 1511 sociasque
520 1469 624 1499 rates
658 1459 831 1498 occurrit
860 1459 1037 1502 Acestes,

36 1517 227 1568 Horridus
258 1517 297 1554 in
328 1516 468 1554 iaculis
500 1521 538 1553 et
567 1515 670 1565 pelle
702 1513 915 1563 Libystidis
946 1524 1075 1557 ursae,

38 1572 157 1611 Troia
189 1571 355 1610 Crimiso
389 1577 625 1620 conceptum
655 1569 816 1607 flumine
848 1573 972 1606 mater

38 1628 161 1674 Quem
194 1625 339 1675 genuit.

400 1626 582 1663 Veterum
614 1636 691 1662 non
724 1624 919 1661 inmemor
949 1621 1014 1659 ille
1044 1625 1251 1670 parentum

39 1683 220 1721 Gratatur
250 1681 415 1719 reduces
448 1686 486 1718 et
517 1691 608 1728 gaza
640 1679 765 1716 laetus
797 1676 940 1725 agresti

37 1736 202 1787 Excipit,
237 1748 281 1774 ac
313 1736 441 1774 fessos
473 1735 614 1784 opibus
647 1733 796 1772 solatur
826 1731 978 1769 amicis.

147 1792 311 1830 Postera
343 1803 429 1829 cum
461 1791 589 1840 primo
622 1788 753 1826 stellas
786 1785 946 1824 Oriente
978 1785 1130 1833 fugarat

37 1848 149 1887 Clara
180 1847 277 1891 (lies,
310 1847 442 1884 socios
475 1845 513 1882 in
547 1849 699 1881 coetum
731 1842 846 1879 litore
876 1841 921 1878 ab
955 1839 1060 1877 omni

37 1903 208 1941 Advocat
237 1902 401 1946 Aeneas,
432 1899 649 1948 tumulique
682 1910 725 1936 ex
759 1908 897 1945 aggere
930 1896 1050 1932 satur:

39 1956 281 1996 Dardanidae
312 1955 455 2003 magni,
489 1965 609 2002 genus
641 1952 717 1990 alto
750 1964 768 1989 a
803 1951 992 1998 sanguine
1024 1949 1166 1992 divom,

40 2013 198 2051 Annuds
232 2012 374 2049 exactis
408 2008 614 2058 conpletur
645 2005 846 2044 mensibus
879 2004 1000 2048 orbis,

38 2068 92 2106 Ex
123 2079 198 2117 quo
231 2066 418 2114 reliquias
449 2063 649 2113 divinique
682 2074 771 2100 ossa
803 2059 978 2111 parentis

375 2162 426 2192 die
467 2160 562 2200 chcl
599 2160 708 2190 cinzu-

40 2209 143 2240 ziehn.
178 2227 220 2231 —
271 2207 334 2238 obl.
368 2208 431 2237 εἵη.
469 2207 504 2236 in
533 2208 639 2241 rent..
673 2213 709 2234 cr

41 2257 156 2295 spannt
181 2252 232 2283 die
260 2250 361 2290 Segel-
383 2250 518 2289 scin-fig,
548 2259 598 2279 nin
622 2249 709 2279 nani-

40 2297 102 2328 lich
127 2307 166 2327 zu
190 2295 328 2327 laviren.
367 2313 410 2317 —
446 2296 495 2324 -ιἸι
520 2294 598 2324 nub.
634 2302 706 2333 cog.

41 2347 110 2381 πᾶν,
133 2340 199 2379 vgl.
213 2340 303 2370 Hom.
325 2338 385 2370 Ο(1.
404 2338 463 2374 IX,
487 2339 646 2370 144-45.
666 2355 708 2359 -—

43 2386 91 2416 lit.
125 2384 208 2423 frat.
234 2384 314 2423 ΕΛ,
352 2383 410 2413 das
444 2380 710 2420 Brndcrgcstadc

43 2430 100 2460 des
124 2428 248 2470 Erym,
285 2427 374 2458 eines
401 2427 525 2458 Solines
564 2426 624 2456 der
648 2424 713 2455 Ve-

43 2483 113 2504 nus.
151 2491 193 2494 —
241 2472 308 2502 rite
345 2472 460 2510 gehort
491 2481 531 2501 zu
563 2471 710 2500 serrula.

47 2516 158 2548 §Vana
185 2517 273 2546 hatte
297 2514 401 2546 Palin.
431 2515 521 2546 diese
546 2513 714 2545 Beobacli-

46 2566 166 2599 tungcn
193 2558 390 2598 angestellt‘?
414 2558 478 2598 vgl.
500 2559 538 2590 A.
563 2558 585 2594 1,
608 2559 649 2589 34
664 2567 711 2597 sq.

121 2607 204 2633 Virs'il
231 2607 264 2632 11.

823 2168 853 2187 v.
870 2158 911 2189 2ss
923 2176 949 2179 —
960 2157 1013 2188 34.
1036 2155 1130 2193 z=el1·s‚
1142 2153 1241 2184 durch
1253 2151 1451 2182 vex-finderie

779 2202 942 2240 Riclitung
954 2201 1013 2231 der
1025 2198 1133 2237 Segel.
1148 2215 1186 2220 —
1206 2197 1363 2235 Acesten,
1379 2206 1404 2226 s.
1419 2205 1447 2224 z.

778 2247 816 2277 A.
830 2246 850 2281 1,
872 2247 941 2277 195.
959 2261 998 2266 -—
1025 2243 1206 2280 Anchisae,
1223 2239 1358 2275 summ,
1375 2240 1450 2270 710.

824 2301 853 2320 v.
884 2291 924 2321 35
941 2289 1028 2319 -41.
1074 2285 1240 2317 loom-idus
1266 2285 1302 2313 in
1329 2282 1454 2313 iaculis

783 2338 814 2365 el
851 2333 949 2374 pelle.
1017 2329 1183 2361 horridus
1216 2331 1310 2368 passt
1350 2324 1453 2356 sowol

782 2389 820 2409 zu
848 2379 885 2408 ιή.
910 2378 972 2407 [ae.
1001 2374 1048 2405 als
1074 2384 1113 2404 zu
1146 2371 1255 2413 pelle,
1291 2370 1373 2400 dcnn
1400 2369 1452 2399 die

784 2423 906 2463 Speere
949 2419 1062 2450 stenen
1100 2422 1190 2447 stari·
1229 2414 1292 2444 und
1329 2412 1452 2452 gerade

784 2475 911 2507 cmpor,
954 2463 1017 2494 und
1044 2463 1101 2492 das
1127 2457 1295 2491 Biireni'cll
1320 2457 1361 2487 ist
1386 2461 1454 2487 zot-

786 2511 842 2549 tig.
859 2529 903 2532 —
930 2507 1086 2549 CrimisQ,
1103 2505 1153 2535 ein
1175 2502 1270 2534 Fluss
1287 2500 1450 2532 Sieiliens.
1478 2491 1532 2543 ju(

831 2565 861 2584 v.
880 2553 1022 2585 :12—54.
1050 2559 1161 2590 genus
1183 2547 1253 2578 allo
1280 2556 1299 2576 a
1324 2556 1348 2575 s.
1376 2544 1454 2583 (litu,

1244 2590 1263 2621 9

1538 2244 1556 2257 0
