1682 2979
567 197 787 230 AENEiDOS
814 198 894 230 Ltss.
924 199 964 231 Y.

5 303 14 350 j
71 295 179 340 Quae
210 294 300 333 finis
333 294 494 334 standi?
525 307 601 346 quo
634 309 694 335 me
727 298 841 336 decet
870 310 994 347 usque
1028 297 1185 336 teneri?

67 349 217 388 Ducere
248 350 350 388 dona
380 350 485 389 iube.

552 351 690 390 Cuncti
721 352 838 390 simul
868 363 935 390 ore
967 353 1186 392 fremebant

6 403 10 410 '
66 404 324 451 Dardanidae,
356 405 544 455 reddique
575 407 658 444 viro
688 407 882 457 promissa
914 407 1114 446 iubebant.

65 459 139 497 Hic
169 459 296 508 gravis
327 460 524 511 Entellum
555 460 672 499 dictis
705 462 870 511 castigat
897 463 1072 509 Acestes,

64 514 282 552 Proxumus
312 519 355 552 ut
383 515 577 555 viridante
610 522 694 554 toro
727 516 962 554 consederat
992 516 1157 556 herbae:

27 582 29 585 ’
62 568 228 614 Entelle‚
259 570 423 608 heroum
455 570 653 621 quondam
685 571 900 610 fortissime
932 572 1088 619 frustra,

64 623 240 661 Tantane
272 629 348 673 tan)
378 626 534 675 patiens
565 626 671 664 nullo
704 627 916 665 certamine
947 627 1031 665 tolli

61 678 171 716 Dona
203 678 341 717 sines?
370 680 438 718 ubi
469 692 573 718 nunc
604 681 718 719 nobis
751 682 848 720 deus
878 681 945 720 ille
977 682 1173 731 magister,

61 733 307 783 Nequiquam
339 740 578 773 memoratus
611 735 740 786 Eryx?
772 736 836 774 ubi
868 737 970 774 sama
1000 750 1072 787 per
1103 749 1260 775 omnem

62 788 318 835 Trinacriam,
352 795 390 827 et
421 790 546 840 spolia
578 790 643 829 illa
678 791 754 829 tuis
785 791 997 841 pendentia
1030 791 1182 830 tectis?

18 862 20 864 v
60 843 129 881 Ille
160 843 232 882 sub
263 844 378 882 haec:
411 845 497 883 Non
528 845 655 883 laudis
687 859 808 890 amor,
842 859 914 884 nec
944 846 1066 894 gloria
1101 847 1223 884 cessit

59 898 178 936 Pulsa
210 904 337 947 metu3
370 900 439 937 sed
472 899 576 937 enim
608 899 758 948 gelidus
792 901 971 938 tardante
1000 907 1159 939 senecta

61 953 229 1002 Sanguis
261 954 399 998 hebet,
432 954 655 1003 frigentque
688 955 826 993 effetae
858 955 896 992 in
930 967 1098 1005 corpore
1128 956 1246 993 vires.

62 1008 102 1046 Si
134 1008 243 1054 mihi,
276 1020 375 1057 quae
409 1008 603 1058 quondam
636 1009 775 1053 suerat,
810 1021 965 1059 quaque
997 1010 1190 1059 inprobus
1221 1009 1297 1047 iste

58 1064 236 1101 Exsultat
265 1063 405 1108 fidens,
439 1063 471 1100 si
505 1075 607 1101 nunc
639 1064 739 1101 soret
768 1064 834 1101 illa
866 1063 1057 1110 iuventas,

57 1118 167 1156 Haud
200 1118 382 1168 equidem
414 1117 541 1168 pretio
574 1118 758 1157 inductus
779 1119 1033 1169 ¹pulchroque
1064 1119 1230 1159 iuvenco

57 1173 275 1218 Venissem,
309 1185 382 1212 nec
413 1173 514 1211 dona
545 1185 690 1212 moror.

752 1174 818 1212 Sic
849 1175 990 1212 deiude
1021 1175 1175 1213 locutus

57 1230 99 1267 In
133 1228 303 1266 medinm
335 1227 512 1276 geminos
544 1229 691 1267 inmani
723 1230 899 1281 pondere
932 1235 1087 1267 caestus

56 1283 248 1329 Proiecit,
281 1283 423 1334 quibus
455 1296 545 1322 acer
575 1284 673 1334 Eryx
704 1285 745 1322 in
775 1284 926 1334 proelia
957 1292 1092 1323 suetus

56 1340 175 1377 Ferre
206 1350 362 1376 manum
395 1339 571 1389 duroque
599 1340 803 1377 intendere
832 1340 1016 1378 bra‘cchia
1050 1346 1170 1389 tergo.

58 1394 295 1444 Obstipuere
326 1394 472 1432 animi:
505 1401 701 1433 tantorum
724 1395 906 1444 *ingentia
938 1401 1088 1445 septem

57 1450 181 1499 Terga
213 1449 329 1487 houm
362 1449 522 1499 plumbo
555 1450 687 1488 insuto
720 1451 902 1501 ferroque
933 1450 1123 1500 rigebant.

56 1508 154 1544 Ante
186 1505 313 1542 omnis
345 1511 478 1555 stupet
509 1506 594 1555 ipse
626 1506 767 1552 Dares,
799 1506 992 1556 longeque
1023 1510 1200 1551 recusat3

55 1560 404 1609 lilagnaniniusque
436 1560 694 1599 Anchisiades
727 1567 763 1599 et
794 1562 949 1610 pondus
982 1566 1018 1599 et
1049 1561 1135 1610 ipsa

55 1615 140 1653 Huc
171 1615 263 1652 illuc
293 1614 506 1653 vinclorum
539 1615 717 1654 inmensa
748 1616 946 1653 volumina
978 1621 1121 1666 versat.

57 1670 154 1708 Tum
186 1669 319 1708 senior
351 1669 436 1707 talis
468 1670 663 1708 referebat
692 1677 851 1720 pectore
883 1682 1020 1708 voces:

58 1725 173 1771 Quid,
206 1726 238 1762 si
271 1725 358 1775 quis
391 1731 544 1763 caestus
575 1725 700 1775 ipsius
734 1733 771 1764 et
800 1725 980 1767 Herculis
1011 1737 1117 1763 arma

57 1849 126 1876 tum
152 1855 177 1876 s.
193 1846 401 1881 z.A.1‚2·25.
419 1863 455 1868 —
480 1848 597 1876 [elzeri.
626 1845 723 1876 Sinn:

55 1900 150 1921 wozu
175 1889 256 1921 liisst
291 1900 364 1922 man
399 1890 480 1920 mich
508 1891 586 1920 not-h
613 1889 728 1925 liingcr

54 1935 210 1965 warten'?
235 1952 276 1957 —
310 1934 487 1974 reddique,
520 1934 609 1965 nicht
633 1934 727 1964 (lari-

56 1988 130 2019 qne,
164 1978 247 2009 denn
285 1979 385 2010 durch
412 1978 470 2008 das
496 1978 726 2019 Yersprechcn

53 2032 127 2054 war
151 2022 210 2053 der
234 2021 328 2054 Preis
360 2022 485 2053 hereits
518 2022 721 2061 gegeben.

97 2076 128 2098 v.
145 2067 310 2099 387—93.
337 2068 470 2107 gravis,
488 2067 548 2097 der
558 2066 721 2105 wiirdigc'.

53 2110 116 2141 Ein
141 2109 256 2146 'radet
280 2111 347 2142 'der
371 2108 551 2142 voneineln
578 2113 725 2151 virgra-

54 2156 106 2185 vis
138 2155 292 2194 ausgeht,
334 2155 391 2186 hat
425 2155 505 2186 weit
537 2155 629 2185 lnehr
662 2154 724 2186 Ge-

57 2198 167 2235 wicht‚
209 2198 257 2230 als
290 2199 363 2230 cine
392 2201 514 2239 gravis
539 2197 724 2239 castigatio

57 2243 206 2274 hominis
230 2244 402 2282 miculas,-
439 2244 553 2274 darum
591 2243 634 2274 ist
666 2244 725 2274 der

17 2294 20 2298 ’
55 2287 126 2319 hier
165 2287 330 2327 gewiihlte
367 2288 541 2319 Ausdruck
578 2288 719 2322 starker.

55 2330 102 2362 als
127 2342 223 2363 wenn
249 2342 284 2364 es
302 2332 428 2363 hiesse:
448 2334 609 2372 grauiam»
624 2333 724 2363 easti-

52 2378 124 2415 gat.
154 2393 190 2398 —-
238 2380 277 2407 uc
309 2387 398 2408 cons.
455 2380 494 2407 ul
534 2377 621 2407 steht
653 2376 725 2407 hier

9 2445 14 2447 .
54 2418 182 2450 iihnlich
205 2419 270 2450 wie
294 2421 376 2452 oben
401 2431 432 2451 v.
460 2422 534 2453 329.
563 2439 606 2443 —
632 2420 723 2460 deus,

54 2472 80 2494 s.
98 2474 127 2493 z.
144 2463 183 2494 E.
202 2465 227 2499 Ι,
244 2466 272 2495 ἵ.
292 2482 327 2487 -
355 2466 453 2496 nobis
478 2465 519 2495 ist
538 2464 612 2495 Dat.
642 2464 724 2495 ethi-

55 2517 122 2538 cus.
159 2526 199 2530 -—
240 2518 322 2549 amq.
354 2519 512 2549 memor„
553 2508 631 2540 weil
665 2509 724 2539 der

54 2550 178 2587 Ratun,
213 2551 307 2582 einen
343 2553 472 2584 solchen
510 2553 637 2584 Lchrcr
669 2563 723 2592 gc-

799 1845 875 1876 haht
900 1856 939 1875 zu
971 1845 1086 1881 haben,
1122 1846 1209 1885 jetzt
1242 1846 1345 1876 nichts
1379 1845 1462 1876 hilft.

798 1909 838 1912 —-
863 1889 963 1930 pond.
992 1892 1024 1928 L,
1051 1899 1076 1919 S.
1091 1899 1118 1919 z.
1137 1891 1176 1920 A.
1191 1889 1228 1924 ΙΙ,
1244 1892 1319 1922 504.

843 1944 871 1964 v.
890 1934 1077 1966 394-403.
1106 1933 1283 1964 sedenim.
1310 1934 1378 1965 Der
1403 1934 1466 1965 Ge-

798 1978 903 2008 danke
929 1978 989 2008 ist:
1017 1977 1078 2007 secl
1092 1979 1181 2008 ‘vires
1199 1982 1382 2015 cesserant,
1405 1988 1465 2019 ge-

797 2021 888 2052 lidus
913 2023 1000 2052 enim
1027 2023 1173 2061 sanguis
1198 2023 1314 2061 hebel,-
1338 2022 1402 2061 vgl.
1422 2023 1459 2052 Α.

795 2065 818 2099 Ι,
839 2068 889 2097 19.
919 2085 959 2089 —
994 2065 1117 2096 deinde
1142 2066 1216 2106 loc„
1257 2077 1284 2097 s.
1309 2077 1338 2096 z.
1363 2068 1399 2097 A.
1422 2066 1458 2102 ΙΙ,

795 2111 869 2142 391.
892 2129 931 2133 —
959 2110 1116 2150 (lm-oque
1134 2110 1463 2141 intendere=clm²o

794 2154 994 2194 offendens,
1033 2154 1101 2185 also
1136 2154 1265 2186 wieder
1296 2154 1462 2185 Parulaxe

794 2204 876 2230 statt
901 2199 960 2229 der
984 2198 1169 2240 llypotaxe.

838 2253 868 2273 v.
884 2244 1050 2274 404--20,
1080 2246 1268 2283 tardorum,
1295 2254 1366 2274 s.-z.
1381 2243 1418 2273 E.
1435 2243 1457 2278 l,

796 2289 846 2319 12.
876 2306 917 2310 —
944 2287 1114 2327 longeque
1138 2297 1217 2326 recu,
1245 2287 1305 2317 und
1322 2287 1463 2325 wcigert

796 2331 862 2362 sich
903 2330 1040 2361 weithin
1085 2331 1376 2368 (znriicktrctcnd).
1421 2348 1463 2353 --

796 2375 898 2406 rinel.
944 2376 1023 2405 inm.
1066 2375 1151 2413 vol„
1200 2375 1256 2406 des
1299 2374 1461 2405 Gellechts

795 2418 1048 2450 unerniessliche
1064 2418 1261 2457 Schlangen.
1280 2435 1315 2442 —-
1335 2420 1461 2459 senior,

794 2464 853 2494 der
878 2463 1029 2503 hejahrte
1056 2462 1215 2494 Entellus.
1251 2480 1292 2485 -
1329 2466 1462 2494 caestus

795 2511 826 2539 el
842 2518 952 2545 arma,
980 2507 1041 2537 (len
1060 2507 1320 2548 Kampscaestus.
1350 2507 1459 2539 Durch

795 2552 852 2582 das
879 2552 1110 2590 hinzugel'iigte
1144 2561 1242 2582 arma
1278 2551 1362 2582 wird
1402 2552 1461 2583 der

1408 193 1484 233 143

1495 363 1552 394 385

1492 637 1550 668 390
1574 674 1581 679 .

1490 910 1547 942 395

1486 1188 1544 1220 400

1482 1464 1540 1495 405

1479 1738 1537 1770 410
