1682 2979
165 215 220 256 68
674 222 710 254 Ρ.
739 221 905 255 vinem
931 197 1127 267 MARoNis

164 324 283 374 Signa
315 323 446 369 dabit3
479 322 603 362 solem
635 322 856 362 certissima
890 323 1001 373 signa
1033 329 1264 374 sequuntur,

84 390 144 423 440
164 380 213 418 Et
244 391 342 430 quae
373 391 489 418 mane
519 379 652 424 refert,
686 383 725 417 et
755 391 856 430 quae
886 379 1138 429 surgentibus
1170 378 1300 418 astris.

163 435 233 475 Ille
264 435 330 474 ubi
363 441 590 474 nascentem
622 434 788 473 maculis
819 435 1027 474 variaverit
1056 441 1184 473 ortum

164 490 355 530 Conditus
385 491 427 529 in
459 490 614 536 nubem,
647 491 858 542 medioque
890 490 1078 542 refugerit
1108 491 1215 536 orbe,

165 546 350 597 Suspecti
381 546 455 584 tibi
485 546 566 585 sint
596 546 765 593 imbres3
798 559 970 597 namque
1003 553 1140 596 urguet
1171 547 1220 585 ab
1252 546 1328 584 alto

163 602 462 652 Arboribusque
494 601 671 651 satisque
702 602 826 640 Notus
858 603 1073 653 pecorique
1105 602 1279 641 sinister.

87 665 145 698 445
164 658 239 697 Aut
270 657 338 695 ubi
369 656 442 695 sub
473 657 600 695 lucem
633 657 756 695 densa
787 657 890 696 inter
920 658 1053 696 nubila
1085 670 1174 696 sese

164 713 317 753 Diversi
349 718 534 762 rumpent
563 712 678 757 radii,
711 717 777 751 aut
807 713 873 750 ubi
904 713 1049 763 pallida
1082 719 1216 762 surget

165 768 327 808 Tithoni
360 780 542 807 croceum
573 767 757 818 linquens
787 768 939 806 Aurora
971 767 1112 814 cubile,

165 825 264 871 Heu,
297 824 397 863 male
430 831 510 862 tum
541 824 649 862 mitis
683 824 870 863 defendet
899 825 1110 875 pampinus
1141 835 1257 863 uvas:

167 881 264 919 Tam
294 881 413 918 multa
447 880 486 918 in
518 879 634 918 tectis
666 880 865 930 crepitans
898 880 991 919 salit
1020 879 1179 918 horrida
1212 879 1374 929 grando.

87 944 147 978 450
167 936 251 976 Hoc
282 936 411 981 etiam,
444 947 605 973 emenso
638 947 725 974 cum
758 935 834 974 iam
867 935 1023 974 decedit
1054 935 1233 986 Olympo,

165 992 366 1032 Profuerit
393 991 626 1030 meminisse
656 991 804 1041 magis3
837 1004 926 1030 nam
958 1004 1077 1043 saepe
1109 991 1286 1030 videmus

165 1048 297 1099 Ipsius
329 1047 368 1085 in
400 1047 507 1085 voltu
537 1046 668 1085 varios
700 1059 831 1086 errare
862 1047 1038 1086 colores:

167 1103 380 1142 Caeruleus
410 1102 582 1153 pluviam
614 1102 833 1149 denuntiat,
864 1103 1003 1153 ignens
1034 1104 1184 1146 Euros;

167 1159 237 1198 Sin
269 1159 445 1197 maculae
477 1158 670 1208 incipient
699 1159 817 1197 rutilo
849 1159 1099 1197 inmiscerier
1129 1158 1222 1207 igni,

166 1272 348 1311 Fervere.

86 1225 147 1258 455
169 1215 309 1254 Omnia
341 1221 420 1253 tum
453 1214 602 1265 pariter
632 1221 748 1252 vento
781 1215 1005 1265 nimbisque
1038 1214 1189 1253 videbis

408 1270 495 1309 Non
527 1269 590 1308 illa
625 1270 833 1321 qnisquam
865 1283 927 1309 me
959 1276 1074 1309 nocte
1107 1283 1177 1321 per
1208 1270 1328 1309 altum

166 1327 241 1373 Ire,
275 1338 402 1377 neque
434 1326 480 1364 ab
515 1331 616 1364 terra
648 1333 808 1366 moneat
839 1327 1061 1366 convellere
1093 1328 1238 1366 funem.

166 1385 215 1422 At
246 1382 292 1429 si,
326 1394 414 1421 cum
445 1382 668 1433 referetque
700 1382 805 1421 diem
837 1383 1059 1433 condetque
1092 1383 1268 1429 relatum,

167 1438 342 1477 Lucidus
374 1437 482 1476 orbis
515 1438 601 1484 erit,
635 1439 778 1477 frustra
812 1439 1012 1477 terrebere
1044 1439 1203 1485 nimbis,

91 1496 151 1530 460
168 1494 217 1533 Et
246 1495 352 1532 claro
385 1493 504 1532 silvas
535 1506 674 1533 cernes
708 1494 901 1545 Aquilone
933 1495 1095 1534 moveri.

167 1550 358 1600 Denique,
393 1549 487 1600 quid
518 1562 660 1601 vesper
689 1563 801 1589 serus
832 1551 959 1597 vehat,
990 1551 1095 1589 uncle
1127 1562 1288 1589 serenas

167 1606 316 1644 Ventus
348 1611 437 1654 agat
467 1605 602 1650 nubes,
637 1606 730 1657 quid
765 1607 910 1656 cogitet
940 1607 1124 1645 humidus
1156 1610 1309 1651 Auster,

169 1661 237 1700 Sol
268 1660 338 1699 tibi
371 1661 482 1710 sigua
515 1661 637 1700 dabit.

698 1662 829 1700 Solem
863 1662 950 1712 quis
984 1663 1116 1701 dicere
1148 1661 1289 1699 falsum

168 1714 348 1756 Audeat?
379 1717 448 1755 llle
480 1717 598 1757 etiam
631 1728 771 1756 caecos
804 1717 952 1756 instare
985 1718 1172 1757 tumultus

168 1893 355 1932 verborgen
381 1892 435 1929 ist,
454 1893 538 1924 und
562 1894 607 1930 (d.
621 1895 653 1928 h.
669 1895 843 1934 zweitens)

168 1948 266 1970 wenn
285 1938 336 1969 die
361 1937 511 1970 Scheibe.
532 1938 562 1968 in
583 1938 643 1969 der
660 1939 753 1970 Mitte
771 1949 845 1971 ver—

170 1982 323 2018 ‹lnnkelt‚
361 1981 538 2021 gleichsam
566 1982 637 2013 hohl
664 1985 840 2020 erscheint,

169 2038 206 2059 so
231 2032 294 2059 cet.
324 2039 380 2069 que
405 2027 495 2059 dient
512 2027 582 2058 hicr
600 2027 669 2058 also
690 2038 749 2059 zur
764 2028 846 2060 Ver-

168 2072 314 2111 biudnng
338 2082 399 2102 von
427 2072 672 2111 Gegcnsiitzen,
708 2073 773 2113 vgl.
804 2072 842 2104 G.

169 2116 208 2153 ΙΙ,
239 2118 315 2150 351.
345 2115 403 2153 ΙΙΙ,
434 2118 510 2149 399.
538 2118 577 2148 A.
607 2117 668 2154 ΙΙΙ,
697 2119 774 2151 459.
803 2137 846 2142 —

169 2165 206 2195 ab
232 2163 304 2201 allai,
332 2171 406 2192 voni
432 2161 525 2193 Meci·
550 2162 617 2196 her,
649 2162 753 2194 nit-ht:
787 2173 845 2193 nus

168 2207 272 2237 liohcr
312 2205 406 2240 Lust.
460 2206 543 2238 denn
587 2207 646 2237 dei·
685 2207 844 2239 Siidwind

168 2252 287 2283 sti-(init
312 2251 400 2282 nicht
425 2261 483 2282 ans
507 2251 608 2283 hoher
624 2251 703 2283 Lnft
719 2252 844 2283 anfdie

168 2295 258 2327 Erdc
285 2295 398 2327 herab.
427 2295 502 2336 vgl.
532 2296 614 2327 oben
640 2308 669 2328 v.
699 2298 781 2333 324;
812 2308 840 2328 n.

161 2340 318 2381 ‘dagegen
345 2341 384 2372 A.
414 2337 435 2376 Ι,
475 2341 550 2374 297.
580 2359 622 2364 -
657 2345 711 2375 sub
737 2345 842 2382 lucem,

161 2385 250 2417 'kurz
274 2395 334 2417 vor
353 2385 642 2426 Sonnenaufgang.
666 2405 707 2410 —
732 2390 847 2420 Aurora

170 2431 261 2462 hatte
300 2430 363 2461 den
403 2431 542 2462 schiincn
581 2433 743 2470 Tithonus,
785 2431 845 2463 deu

171 2475 256 2506 Sohn
284 2475 341 2506 des
367 2475 591 2517 trojanischen
617 2476 740 2516 Konigs
762 2476 846 2508 Lao-

171 2520 306 2554 medon.
337 2520 489 2560 geruubt.
527 2520 618 2552 Honi.
649 2520 771 2558 ()‹1.V.
808 2523 842 2554 1:

167 2559 258 2598 Ἠώς
283 2560 354 2595 δ’ἐκ
371 2564 501 2608 λεχέων
519 2566 602 2610 παρ’
627 2561 764 2609 ἀγαυοῦ
791 2568 846 2598 Τι-

162 2609 307 2640 *amoto
328 2605 495 2652 ’ᾨρνυτα

89 1776 148 1809 465
169 1774 306 1824 Saepe⁴
326 1777 474 1818 monet,
507 1773 764 1824 fraudemque
798 1782 835 1813 et
865 1780 1002 1825 operta
1034 1780 1254 1813 tumescere
1285 1771 1400 1811 bella.

960 1891 1127 1928 450—65.
1175 1893 1284 1926 L'ebcr
1316 1897 1511 1927 inmiscerier
1535 1891 1584 1932 (Z.

915 1939 936 1981 ξ
967 1941 1038 1977 162)
1065 1950 1095 1970 n.
1124 1943 1237 1981 feri-Fre
1257 1948 1283 1969 s.
1305 1937 1518 1980 Einl.p.Vll.
1550 1955 1591 1960 -

913 1990 1022 2026 summ.
1062 1983 1122 2015 Mit
1145 1984 1250 2015 cineni
1276 1982 1364 2014 Seile
1389 1983 1505 2014 wurde
1531 1982 1590 2014 das

916 2028 1113 2060 {linterthcil
1139 2028 1197 2060 des
1216 2028 1354 2060 Schiss'es
1374 2037 1425 2059 ain
1440 2027 1519 2059 Ul'er
1535 2027 1591 2058 be-

917 2073 1046 2112 festigt,
1077 2084 1102 2105 s.
1133 2074 1171 2105 A.
1200 2073 1262 2110 ΙΙΙ,
1296 2074 1373 2105 266.
1416 2091 1457 2096 -—
1494 2075 1588 2113 claro,

915 2118 1124 2149 anl'kliirend.
1154 2137 1195 2142 —
1220 2122 1309 2151 unde.
1335 2115 1435 2149 Nicht
1456 2127 1518 2149 nur
1532 2117 1593 2148 der

916 2162 1099 2194 Nordwind
1132 2163 1296 2195 vertreiht
1328 2162 1360 2194 in
1392 2161 1509 2194 italien
1537 2161 1590 2193 die

915 2208 1061 2239 XVolken
1097 2208 1159 2239 und
1192 2208 1315 2248 reinigt
1351 2207 1412 2239 den
1438 2206 1586 2244 Hinnuel,

914 2253 1057 2284 sonderu
1092 2254 1173 2284 auc-h
1207 2253 1267 2284 der
1293 2251 1485 2285 Westwind
1517 2254 1591 2289 (Fa-

914 2301 1051 2338 vonius),
1090 2297 1263 2329 hisweilen
1296 2297 1377 2329 auch
1413 2296 1473 2328 der
1507 2296 1591 2328 Siid-

915 2342 1019 2379 wind,
1050 2343 1114 2374 wie
1141 2343 1256 2374 llorat.
1286 2342 1344 2373 Od.
1374 2340 1397 2378 Ι,
1427 2343 1457 2377 7.
1491 2342 1591 2374 15-Ιὸ

916 2392 1008 2427 sagi:
1044 2390 1136 2422 Albus
1168 2394 1199 2420 ut
1225 2391 1351 2421 obscuro
1378 2389 1509 2429 ἀοῖον-φοι
1533 2399 1591 2420 πα-

917 2435 979 2465 bila
1005 2435 1086 2466 coelo
1112 2436 1206 2475 Saepe
1221 2434 1317 2465 Notus
1342 2443 1436 2474 neque
1458 2435 1592 2474 parturit

916 2480 1024 2510 imbres
1038 2480 1207 2519 Perpetua&
1226 2494 1262 2499 ·—
1290 2479 1363 2519 quid
1379 2479 1496 2517 coquet.
1522 2475 1591 2509 Der

914 2524 1021 2554 Auster
1059 2521 1128 2561 galt
1173 2522 1225 2553 fiir
1260 2521 1355 2553 einen
1399 2521 1589 2554 tiickischen

917 2566 1004 2597 Gou.
1042 2586 1074 2590 -
1100 2569 1223 2608 fulsum.
1253 2565 1332 2598 Sall.
1363 2564 1435 2598 Cat.
1469 2567 1516 2604 10,
1542 2569 1585 2601 5:

915 2613 1042 2644 Ambitio
1075 2614 1185 2645 mullos
1220 2614 1359 2645 mortalis
1394 2613 1491 2653 salsos
1525 2616 1592 2653 fieri

1657 2026 1682 2046 tl
