1682 2979
564 203 785 236 AENEIDOS
811 203 892 235 LlB.
922 204 976 235 lv.

1404 195 1477 233 111

181 301 437 341 Dissimulare
467 303 584 341 etiam
616 303 806 353 sperasti,
837 303 998 353 perfide,
1031 309 1181 342 tantum

70 358 194 396 Posse
225 357 348 404 nesam,
380 357 602 408 tacitusque
633 370 718 405 mea
748 357 939 396 decedere
970 357 1105 396 terra?

70 412 151 450 Nec
181 417 219 450 te
250 418 386 451 noster
416 424 538 459 amor,
570 425 643 451 nec
673 418 710 452 te
742 413 831 451 data
862 412 1019 450 dextera
1052 412 1262 462 quondam,

69 467 150 505 Nec
170 467 370 507 „moritura
400 473 509 506 tenet
539 468 688 506 crudeli
720 469 856 506 sunere
887 465 1023 505 Dido?

70 522 175 568 Quin
206 522 323 561 etiam
352 522 519 561 hiberno
550 523 702 562 moliris
735 523 864 561 sidere
896 522 1077 568 classem,

68 577 118 615 Et
147 577 290 616 mediis
320 590 512 629 properas
544 577 796 629 aquilonibus
828 578 885 616 ire
916 589 988 628 per
1018 577 1149 624 altum,

69 631 280 670 Crudelis?
312 632 446 679 Quid?
477 627 510 672 si
542 646 621 672 non
653 646 742 672 arva
773 633 899 671 aliena
931 634 1151 683 domosque

66 687 226 736 Ignotas
256 693 434 737 peteres,
467 695 505 727 et
535 689 653 727 Troia
685 688 841 738 antiqua
872 693 1060 733 maneret,

69 741 187 780 Troia
218 754 289 792 per
318 744 515 785 undosum
547 739 748 793 peteretur
777 743 972 782 classibus
1004 741 1185 793 aequor?

66 797 179 835 Mene
211 795 346 846 sugis?
375 798 451 837 Per
482 810 554 848 ego
587 799 656 837 has
687 799 868 837 lacrimas
900 799 1151 847 dextramque
1182 803 1288 835 tuam
1319 802 1356 835 te
1385 817 1442 824 —-

70 852 235 898 Quando
267 852 370 891 aliud
401 853 498 891 mihi
529 854 605 892 iam
637 853 805 891 miserae
836 853 934 891 nihil
964 852 1049 902 ipsa
1080 851 1221 902 reliqui
1251 873 1305 878 —

67 907 144 945 Per
173 908 368 945 connubia
401 914 553 953 nostra,
584 920 656 957 per
685 908 866 957 inceptos
897 907 1148 956 hymenaeos,

68 961 111 1000 Si
141 961 242 1000 bene
273 962 364 1011 quid
396 963 444 999 de
477 968 512 1000 te
542 962 680 1005 merui,
712 961 786 999 fuit
817 967 881 999 aut
913 961 981 998 tibi
1014 961 1223 1011 quicquam

66 1015 186 1054 Dulce
217 1028 365 1062 meum,
399 1017 586 1054 miserere
617 1017 757 1054 domus
787 1015 956 1054 labentis
988 1021 1025 1053 et
1055 1016 1184 1059 istam,

69 1070 168 1115 Oro,
202 1071 234 1109 si
267 1072 354 1121 quis
385 1071 512 1109 adhuc
543 1071 727 1122 precibus
758 1071 881 1114 locus,
913 1083 1009 1108 exue
1040 1076 1223 1110 mentem.

68 1126 124 1165 Te
153 1132 317 1176 propter
345 1126 515 1176 Libycae
547 1133 681 1176 gentes
711 1126 1010 1175 Nomadumque
1040 1126 1195 1176 tyranni

69 1181 209 1226 Odere,
243 1181 388 1220 infensi
419 1181 552 1232 Tyrii3
593 1189 630 1220 te
659 1187 823 1232 propter
853 1181 1022 1219 eundem

66 1236 293 1274 Exstinctus
323 1237 452 1287 pudor
481 1242 539 1283 et,
573 1249 646 1287 qua
678 1237 762 1275 sola
794 1237 921 1275 sidera
954 1235 1120 1281 adibam,

69 1291 184 1330 Fama
213 1291 336 1341 prior.

398 1291 468 1331 Cui
499 1304 562 1330 me
592 1292 867 1331 moribundam
898 1291 1062 1336 deseris,
1094 1288 1279 1342 hospes?

68 1345 151 1401 Hoc
181 1346 308 1385 solum
339 1359 481 1385 nomen
514 1348 699 1398 quoniam
731 1347 778 1385 de
810 1346 976 1396 coniuge
1007 1352 1141 1385 restat.

69 1401 171 1447 Quid
202 1400 365 1440 moror?
395 1414 443 1441 an
474 1415 560 1441 mea
591 1402 818 1453 Pygmalion
849 1402 941 1440 dum
971 1401 1127 1440 moenia
1158 1402 1280 1440 frater

67 1456 261 1503 Destruat,
293 1463 359 1495 aut
389 1463 541 1508 captam
574 1458 691 1497 ducat
722 1457 906 1502 Gaetulus
937 1455 1102 1495 Iarbas‘?

68 1510 215 1550 Saltem
246 1511 280 1549 si
312 1524 386 1562 qua
417 1513 514 1550 mihi
544 1513 593 1551 de
623 1520 660 1551 te
691 1518 875 1563 suscepta
906 1512 1049 1550 fuisset

66 1567 164 1604 Ante
195 1567 324 1615 fugam
355 1567 528 1614 suboles,
561 1568 594 1606 si
625 1568 714 1618 quis
742 1567 838 1605 mihi
871 1567 1054 1617 parvulus
1088 1566 1174 1604 aula
1237 1586 1244 1594 ’

65 1620 236 1660 Luderet
266 1622 438 1669 Aeneas,
471 1623 537 1672 qui
570 1629 607 1660 te
637 1629 768 1661 tamen
799 1634 867 1660 ore
898 1622 1074 1667 referret,

66 1675 153 1713 Non
185 1675 368 1725 equidem
399 1677 557 1715 omnino
590 1683 703 1727 capta
735 1689 780 1715 ac
811 1677 967 1714 deserta
998 1675 1168 1714 viderer.

180 1730 348 1769 Dixerat.

113 1905 143 1925 v.
160 1894 324 1926 305—19.
352 1894 490 1925 Dissim.
518 1896 631 1925 etiam.
670 1894 737 1926 Der

69 1937 280 1971 Eutsehluss.
324 1937 372 1969 sie
405 1948 445 1968 zu
477 1938 658 1974 verlassen,
696 1939 739 1970 ist

69 1983 149 2014 nach
176 1982 235 2013 der
258 1981 395 2013 Ansicht
430 1982 489 2013 der
520 1981 604 2013 Dido
638 1983 737 2013 sehon

69 2026 121 2058 ein
144 2026 281 2062 Frevel;
310 2026 375 2057 wie
397 2025 557 2057 vielinehr
588 2037 651 2057 nun
678 2036 738 2066 gar

69 2071 127 2102 das
152 2070 316 2102 Bemfihen
342 2070 399 2101 des
412 2071 507 2105 Aea,
529 2069 641 2101 diesen
658 2069 736 2102 Ent-

64 2114 195 2146 'schluss
226 2124 287 2146 vor
322 2114 374 2145 ihr
405 2124 445 2145 zu
468 2114 665 2154 verbergen.
697 2133 735 2138 —

67 2159 146 2190 mol.
167 2158 319 2198 classem,
344 2157 577 2198 vg1.A.111‚6.
597 2177 637 2182 -—
656 2169 737 2190 eon-

69 2203 193 2242 nubia,
230 2202 332 2240 „hier
361 2212 435 2234 vom
467 2202 637 2242 geheimen
661 2202 736 2233 Lie-

66 2246 243 2283 hesbunde,
266 2247 326 2278 der
343 2247 660 2286 gewissermaassen
676 2247 735 2278 das

71 2289 223 2333 Vorspiel
254 2301 327 2322 zum
363 2291 627 2322 Hochzeitsliede
651 2301 734 2328 war,

72 2335 104 2366 (1.
131 2334 154 2365 i.
181 2345 240 2366 zur
263 2335 483 2375 gesetzlichen
502 2335 582 2371 Ehe,
613 2335 666 2366 die
691 2335 739 2366 sie

73 2377 250 2410 schliessen
273 2379 417 2416 wollten,
447 2379 528 2411 aber
552 2379 634 2410 noch
654 2379 742 2419 nicht

73 2421 426 2462 geschlossenhatteu,
456 2424 558 2455 daher
590 2433 657 2465 per·
681 2425 740 2454 in-

73 2475 91 2497 c
104 2469 204 2507 epto
217 2477 232 2497 s
256 2467 496 2508 hymenaeos.“
526 2466 692 2507 Wagner.

119 2520 150 2540 v.
179 2511 357 2543 320—30.
406 2511 622 2551 Nomadum,
648 2511 677 2542 d.
707 2511 737 2542 h.

75 2552 320 2594 Numidarum,
352 2565 377 2586 s.
406 2555 485 2587 Sall.
512 2555 587 2595 Jug.
618 2556 668 2587 18.
700 2573 740 2578 ——

407 1732 476 1770 Ille
506 1732 610 1770 lovis
640 1732 800 1770 monitis
831 1731 978 1769 inmota
1009 1730 1169 1769 tenebat

808 1905 877 1935 qua
901 1895 988 1934 sola,
1013 1894 1171 1925 wodurch
1187 1892 1349 1925 ieh'alleiu
1365 1895 1476 1925 sehon.

808 1956 846 1962 —-
860 1938 924 1969 sid.
951 1939 1017 1977 ad„
1043 1937 1109 1977 vgl.
1127 1939 1219 1969 Hom.
1239 1937 1384 1974 Od.XV,
1400 1939 1476 1970 329.

806 2000 848 2005 —
876 1982 972 2021 Quid
994 1992 1131 2021 moror,
1158 1982 1295 2013 nfimlich
1328 1992 1369 2012 zu
1394 1987 1479 2014 ster·

805 2026 881 2057 ben.
899 2044 938 2049 —
964 2028 996 2057 si
1018 2027 1106 2057 mihi
1120 2026 1161 2057 de
1177 2030 1209 2057 te
1223 2036 1309 2057 susc.
1327 2026 1364 2066 fi,
1391 2027 1480 2057 hatte

807 2070 857 2101 ich
891 2080 953 2101 von
987 2070 1039 2101 dir
1069 2070 1122 2101 ein
1155 2069 1261 2101 Pfaud
1294 2070 1354 2101 der
1378 2070 1480 2101 Liebe

807 2114 962 2153 geboren.
1029 2116 1204 2156 suscipere
1235 2114 1322 2145 wird
1356 2114 1481 2154 eigent—

805 2158 869 2189 lich
893 2168 967 2189 vom
992 2157 1097 2189 Vater
1120 2163 1254 2197 gesagt,
1295 2158 1355 2189 der
1379 2159 1481 2190 durch

807 2203 866 2234 das
904 2202 1108 2233 Ausuehmen
1145 2203 1202 2233 des
1249 2202 1480 2241 neugehornen

809 2246 933 2278 Kindes
959 2246 1115 2282 aridam,
1146 2246 1222 2277 dass
1247 2256 1284 2277 er
1309 2246 1367 2277 das
1393 2246 1481 2277 Kiud

809 2291 858 2322 als
884 2291 942 2321 das
967 2290 1093 2329 seinige
1118 2290 1271 2321 erzieheu
1298 2289 1410 2320 wolle.
1438 2308 1482 2313 --

809 2336 871 2375 qui
896 2338 927 2365 te
952 2337 1066 2365 lamen
1092 2343 1151 2364 ore
1176 2333 1251 2373 ref„
1277 2333 1353 2370 der,
1382 2343 1481 2364 wenn

1497 312 1560 345 305

1497 588 1561 623 310

1496 863 1560 895 315

1497 1137 1559 1169 320

1494 1413 1558 1445 325

1494 1687 1557 1719 330

809 2379 859 2409 ich
886 2378 958 2409 dicli
984 2377 1087 2409 selbst
1111 2378 1199 2408 nicht
1212 2377 1360 2408 besitzen
1381 2377 1497 2413 kann,·

810 2423 891 2453 doch
918 2421 991 2452 dein
1006 2421 1170 2452 Ebenbild
1194 2421 1378 2452 darstellte.
1420 2421 1482 2453 Ue-

809 2466 870 2497 ber
895 2466 956 2496 den
981 2465 1183 2507 elliptischeu
1218 2464 1390 2496 Gebrauch
1424 2465 1481 2496 des

811 2514 925 2541 tamen
952 2520 977 2540 s.
1008 2520 1036 2540 z.
1066 2509 1104 2540 E.
1137 2511 1185 2544 10,
1216 2510 1268 2541 31.
1297 2527 1339 2533 —
1366 2512 1479 2550 capta,

810 2565 836 2585 s.
866 2564 895 2583 v.
926 2554 1000 2585 326.
