1682 2979
186 202 238 241 84
663 205 699 238 Ρ.
728 205 892 239 VlRGlLI
917 205 1111 240 MARONIS

186 310 281 348 Cum
311 308 382 346 tibi
412 307 584 346 sollicito
617 307 758 345 secreti
790 307 837 346 ad
869 306 1042 345 fluminis
1074 307 1215 347 undam

109 367 171 398 390
186 363 356 402 Litoreis
388 362 527 411 ingens
560 362 714 400 inventa
747 362 820 400 sub
853 362 1008 401 ilicibus
1039 374 1106 400 sus

185 417 362 467 Triginta
394 417 567 468 capitum
599 418 701 456 fetus
732 417 843 455 enixa
876 417 1032 462 iacebit,

184 473 294 518 Alba,
326 473 411 510 solo
442 471 648 518 recubans,
682 472 758 510 albi
790 473 937 511 circum
969 472 1090 511 ubera
1122 471 1215 515 nati,

184 528 222 566 Is
253 527 363 566 locus
395 526 504 565 urbis
536 527 622 572 erit,
656 527 812 577 requies
845 539 888 565 ea
921 532 1025 565 certa
1056 526 1250 564 laborum.

184 582 266 619 Nec
296 586 337 618 tu
367 593 592 619 mensarum
624 593 778 619 morsus
809 582 995 619 horresce
1028 582 1199 618 futuros:

107 638 170 670 395
184 636 280 674 Fata
309 635 410 672 viam
443 635 645 673 invenient
675 635 879 684 aderitque
909 642 1069 672 vocatus
1099 635 1253 684 Apollo.

184 690 263 729 Has
295 695 424 728 autem
455 694 600 733 terrim,
634 688 798 739 Italique
830 689 931 726 hanc
962 688 1091 726 litoris
1123 700 1245 733 oram,

184 745 376 783 Proxuma
410 756 509 794 quae
541 743 666 781 nostri
698 743 949 794 pertunditur
980 741 1165 793 aequoris
1197 746 1324 787 aestu,

184 799 345 849 Effuge3
378 804 517 837 cuncta
548 798 661 836 malis
692 798 920 836 habitantur
949 797 1103 836 moenia
1136 796 1277 835 Graiis.

184 854 259 892 Hic
290 860 328 892 et
357 854 512 904 Narycii
543 860 764 904 posuerunt
794 853 950 891 moenia
982 852 1111 898 Locri,

106 912 171 943 400
184 909 234 947 Et
263 908 505 948 Sallentinos
536 908 694 947 obsedit
722 908 846 947 milite
878 920 1040 958 campos

184 964 344 1013 Lyctius
374 964 631 1010 Idomeneus3
664 963 727 1001 hic
758 963 821 1001 illa
855 963 967 1001 ducis
998 961 1180 1001 Meliboei

184 1018 308 1056 Parva
339 1018 581 1056 Philoctetae
613 1018 776 1056 subnixa
809 1018 956 1056 Petelia
988 1029 1114 1056 muro.

187 1072 313 1118 Quin,
346 1072 411 1110 ubi
443 1073 696 1111 transmissae
727 1073 910 1111 steterint
940 1079 1047 1110 trans
1078 1083 1250 1122 aequora
1281 1070 1432 1109 classes

185 1126 235 1164 Et
264 1126 407 1176 positis
439 1127 517 1165 aris
547 1127 623 1164 iam
655 1135 741 1164 vota
775 1127 813 1164 in
844 1127 960 1164 litore
991 1127 1134 1172 solves,

109 1184 172 1215 405
187 1180 392 1231 Purpureo
422 1182 551 1220 velare
584 1193 716 1219 comas
749 1182 962 1232 adopertus
995 1181 1150 1225 amictu,

186 1235 244 1273 Ne
270 1247 351 1286 qua
383 1236 486 1274 inter
515 1244 676 1274 sanctos
709 1237 811 1286 ignis
843 1237 880 1274 in
914 1237 1063 1274 honore
1095 1238 1258 1274 deorum

186 1290 352 1328 Hostilis
383 1291 505 1331 facies
537 1300 719 1329 occurrat
749 1297 787 1329 et
817 1291 947 1330 omina
980 1291 1123 1330 turbet.

186 1344 300 1383 Hunc
329 1345 429 1384 socii
460 1358 609 1384 morem
641 1359 862 1392 sacrorum,
895 1347 999 1385 hunc
1029 1346 1116 1396 ipse
1150 1350 1305 1391 tenet03

186 1399 269 1438 Hac
301 1400 397 1438 casti
429 1407 614 1440 maneant
645 1401 682 1438 in
715 1401 905 1451 religione
937 1408 1117 1451 nepotes.

108 1457 173 1489 410
187 1455 257 1492 Ast
285 1454 353 1492 ubi
385 1455 607 1504 digressum
639 1456 794 1495 Siculae
826 1462 864 1495 te
897 1456 1114 1494 admoverit
1144 1467 1236 1492 orae

188 1509 333 1547 Ventus
365 1516 403 1547 et
433 1510 587 1559 angusti
618 1518 822 1550 rarescent
851 1511 1022 1550 claustra
1055 1511 1198 1555 Pelori,
1256 1548 1265 1556 ,

185 1563 312 1602 Laeva
345 1564 415 1602 tibi
448 1565 561 1613 tellus
593 1571 630 1604 et
659 1566 776 1616 longo
808 1567 912 1605 laeva
946 1572 1129 1617 petantur

184 1618 366 1668 Aequora
398 1620 586 1663 circuitu:
619 1621 796 1659 dextrum
829 1622 917 1670 suge
949 1622 1040 1658 litus
1072 1627 1110 1659 et
1140 1619 1278 1658 undas.

185 1671 291 1711 Haec
320 1673 406 1712 loca
437 1674 472 1711 vi
505 1676 701 1724 quondam
734 1682 772 1714 et
802 1683 909 1714 vasta
941 1676 1128 1714 convolsa
1158 1675 1269 1712 ruina
1299 1695 1355 1700 —-

231 1781 262 1801 v.
292 1771 492 1804 388—402.
544 1773 669 1803 sem-eli
693 1773 741 1804 ad
761 1775 855 1812 llum.

186 1814 281 1854 und„
308 1825 348 1846 an
373 1815 478 1846 ciuem
499 1815 722 1855 ahgelegenen
742 1817 857 1849 Theile

187 1858 247 1888 der
277 1858 398 1894 Tiber,
443 1859 507 1899 vgl.
537 1861 575 1891 A.
606 1859 697 1898 Vlll,
724 1862 777 1893 82.
818 1879 855 1885 —

186 1900 342 1943 Narycii
363 1902 421 1942 L.,
459 1914 485 1934 s.
514 1914 543 1934 z.
573 1903 611 1934 G.
641 1903 679 1939 ll,
709 1906 786 1937 438.
816 1924 858 1929 ——

186 1944 285 1986 Lycl.
299 1945 405 1976 Itlom.
424 1946 616 1978 idomeneus
632 1947 789 1984 beselmo,
809 1949 857 1980 als

187 1998 225 2019 er
248 1999 306 2020 aus
338 1989 441 2020 Kreta
473 1991 662 2022 vei-trieben
702 2002 776 2022 war
815 1999 853 2026 ts.

187 2042 216 2063 z.
231 2032 270 2063 E.
287 2034 317 2068 5,
333 2034 374 2065 72
396 2034 460 2064 und
485 2035 524 2064 Α.
539 2034 591 2069 111,
611 2036 684 2068 122)
711 2035 768 2066 dus
796 2036 859 2067 Ge-

186 2075 256 2107 biet
280 2077 340 2107 dei·
358 2076 529 2109 Sallentini
556 2078 586 2109 in
605 2078 793 2110 Calabrien.
816 2099 858 2102 —

187 2119 399 2151 Philoctetae
431 2121 473 2152 ist
505 2122 562 2153 mit
593 2132 693 2154 nim-o
719 2134 757 2153 zu
784 2134 859 2155 ver-

186 2163 317 2194 binden.
376 2164 433 2195 Ats
467 2165 668 2197 Philoktetes
702 2167 731 2197 in
761 2167 858 2207 Fulge

187 2207 277 2238 eines
303 2208 466 2239 Ausruhrs
492 2219 550 2240 aus
570 2210 679 2241 seim-1·
701 2212 859 2243 Geburts-

186 2251 277 2282 stadt
306 2251 469 2284 Melibo'ea
495 2253 526 2284 in
551 2253 745 2287 Thessalien
785 2267 859 2287 xer-

185 2294 314 2326 trieben
354 2297 489 2332 wurde,
540 2298 673 2329 waudte
715 2310 752 2330 er
788 2300 854 2331 sich

186 2338 371 2378 gleichsalls
419 2342 498 2372 nach
537 2341 753 2375 Uuteritalieu
792 2344 856 2375 und

186 2382 302 2422 umgab
329 2383 381 2415 die
399 2384 496 2416 stadt
509 2385 634 2417 Petelia
662 2387 701 2418 im
719 2388 855 2420 Gebiete

185 2426 245 2457 der
256 2427 403 2459 Bruttier
413 2428 470 2460 mit
481 2429 572 2461 einer
582 2429 708 2462 Maue‘r.
726 2451 762 2456 —
779 2433 856 2464 sub-

185 2472 272 2502 nz'aea
296 2481 358 2511 m,
397 2483 460 2504 von
498 2479 596 2506 unten
631 2476 775 2514 gestfitzt
799 2477 860 2508 aul'

185 2514 237 2545 (lie
262 2514 394 2553 Maucr,
432 2517 463 2551 d.
498 2518 528 2549 h.
557 2519 728 2558 geschiitzt
753 2521 853 2553 durch

185 2557 237 2589 die
263 2558 389 2592 Μῑιιιει·ι

972 1774 1165 1809 v.403-'-9.
1194 1772 1363 1812 steterint,
1387 1771 1460 1802 Fut.
1490 1776 1603 1802 exact-

928 1829 989 1848 von
1005 1820 1134 1848 sis-lere.
1152 1836 1194 1840 --
1218 1816 1345 1856 velare,
1371 1815 1487 1857 lmper.
1509 1826 1596 1857 pass.

927 1862 985 1893 mit
1009 1862 1187 1893 renexivcr
1211 1861 1412 1900 Bedeutung.
1451 1859 1514 1899 vgl.
1544 1869 1602 1890 un-

927 1911 980 1937 tcn
1006 1917 1036 1936 v.
1066 1907 1142 1938 545.
1183 1904 1365 1947 Ucbrigens
1390 1904 1475 1935 futu-i
1504 1903 1596 1943 Virg.

928 1950 1000 1980 hier
1037 1950 1108 1980 ciue
1139 1948 1303 1980 romische
1335 1947 1420 1979 Siue
1458 1947 1518 1979 auf
1548 1948 1600 1979 die

926 1992 1041 2023 Zoiten
1068 1994 1125 2023 des
1145 1995 1224 2024 Aen.
1248 1992 1382 2023 zuriick.
1404 2011 1442 2015 —
1469 1993 1598 2032 omina,

930 2036 982 2066 die
1010 2037 1193 2067 Anzcichen
1230 2037 1282 2068 bei
1309 2036 1369 2067 der
1395 2035 1600 2077 Opferhand-

929 2079 1016 2119 lung.

973 2135 1003 2154 v.
1027 2125 1207 2156 410-19.
1252 2124 1407 2155 claustra
1432 2123 1520 2164 Pet,
1546 2123 1600 2155 (lie

934 2168 1110 2207 Meervngc
1136 2179 1197 2198 von
1225 2167 1375 2204 Sicilien,
1405 2167 1532 2199 welche
1558 2168 1600 2198 im

928 2211 1115 2243 Not-dosten
1152 2212 1252 2243 durch
1295 2213 1354 2243 das
1391 2211 1599 2251 Vorgebirge
1656 2238 1663 2254 Ι,

928 2256 1065 2287 Pelorus
1113 2256 1194 2287 oder
1241 2255 1391 2287 Pelorum
1440 2255 1601 2294 hegriinzt,
1663 2281 1665 2286 .

926 2300 1010 2331 wird
1052 2317 1094 2325 —
1127 2310 1196 2331 rar.
1236 2299 1391 2331 Servius:
1421 2298 1599 2332 Veniente·-

927 2346 988 2375 bns
1013 2344 1054 2375 (lo
1078 2345 1177 2375 lonso
1204 2345 1296 2374 mari
1311 2347 1460 2385 propte)-
1476 2353 1598 2375 curva-

927 2392 1042 2419 turam
1081 2389 1223 2419 Illorum
1257 2388 1396 2419 clausae
1436 2387 1600 2418 videntur

926 2437 1121 2473 augustale,
1147 2443 1235 2473 quae
1248 2432 1439 2473 paullatim
1449 2433 1598 2474 propin·
1653 2465 1657 2473 ἱ

925 2472 1112 2517 qnanlt'bns
1160 2478 1295 2517 apol-isti
1342 2475 1514 2507 videnlur.
1556 2494 1598 2499 —-

926 2521 1011 2551 haec
1055 2520 1140 2552 loca.
1175 2520 1293 2551 Justin.
1331 2519 1393 2556 IV,
1427 2519 1457 2552 l:

1510 2518 1598 2550 Sici-
1656 2539 1658 2542 v

926 2564 1009 2595 liam
1055 2564 1175 2603 Ιὶϊιιηι
1222 2566 1382 2605 angustis·
1421 2563 1609 2605 quondam.
1650 2562 1654 2575 “
