1682 2979
527 169 749 202 AENElnos
774 169 855 201 Llss.
885 168 924 201 ιι.
1410 161 1461 200 63

50 271 105 310 Da
136 270 277 310 deinde
308 268 526 318 augurium,
557 276 680 320 pater,
713 276 828 320 atque
859 270 957 308 haec
989 269 1120 308 omina
1148 269 1276 310 firma.

163 325 232 363 Vix
262 337 307 363 ea
340 325 442 362 fatus
473 330 557 363 erat
588 325 733 371 senior,
765 324 977 379 subitoque
1010 325 1164 374 fragore
1251 321 1254 323 ’

52 380 227 419 Intonuit
255 379 418 426 laevum,
452 383 490 418 et
520 380 569 419 de
600 380 709 419 caelo
740 380 851 430 lapsa
882 384 980 430 per
977 380 1144 428 umbras

51 435 168 474 Stella
200 435 325 474 facem
356 435 504 487 ducens
538 435 656 474 multa
690 446 776 473 cum
808 435 894 473 luce
927 433 1111 473 οὖσαι-ἧι.

48 490 169 536 Illam,
200 502 351 529 summa
382 502 502 541 super
530 489 726 529 labentem
760 489 930 528 culmina
962 490 1090 537 tecti,
1114 522 1117 524 .

50 545 255 584 Cernimus
285 545 402 594 Idaea
432 545 577 584 claram
608 558 651 584 se
682 545 855 584 condere
885 545 981 583 silva

51 601 355 651 signantemque
385 600 467 639 vias
480 599 602 648 {Tum
634 601 752 650 longo
787 600 908 639 limite
939 599 1097 650 sulcus

48 655 122 694 Dat
151 656 291 702 lucem,
324 662 362 695 et
391 655 468 695 late
500 656 649 694 circum
679 656 766 694 loca
797 655 946 693 sulfure
978 655 1140 693 fumant.

50 711 123 749 Hic
152 723 243 749 vero
274 711 399 749 vietus
431 711 585 760 genitor
615 723 658 749 se
688 710 790 749 tollit
820 710 866 748 ad
900 722 1025 756 auras,

49 766 292 816 Adfaturque
323 766 419 804 deos
451 773 489 804 et
519 773 695 805 sanctum
728 766 838 804 sidus
870 765 1020 804 adorat.

52 821 132 859 Iam
164 821 241 859 iam
272 821 377 860 nulla
409 833 517 860 mora
549 827 630 868 θεῖς
664 833 821 871 sequor,
856 826 906 865 et,
942 832 1016 870 qua
1049 818 1204 865 ducitis,
1238 818 1391 858 adsum.

50 875 97 914 Di
127 876 257 926 patrii,
290 882 440 915 servate
471 876 642 921 domum,
675 880 827 913 servate
857 880 1056 924 nepotem.

51 931 231 968 Vestrum
261 931 336 969 hoc
367 930 583 979 augurium,
615 937 824 979 vestroque
855 929 896 966 in
926 929 1086 967 numine
1117 928 1236 967 Troia
1267 936 1342 968 est.

54 985 157 1024 Cedo
189 985 384 1035 equidem,
417 996 503 1030 nec,
535 989 637 1030 nate,
672 984 741 1022 tibi
774 995 907 1022 comes
938 984 995 1021 ire
1026 995 1182 1022 recuso.

51 1040 208 1079 Dixerat
236 1039 325 1086 iile3
357 1045 395 1078 et
426 1039 500 1078 iam
532 1051 604 1090 per
633 1039 788 1077 moenia
822 1038 967 1076 clarior
996 1038 1099 1088 ignis

53 1095 236 1140 Auditur,
268 1094 513 1145 propiusque
543 1099 677 1133 aestu's
708 1092 1094 1133 incendia“3⁷olv11nt.

52 1150 154 1199 Ergo
186 1161 268 1199 age,
301 1161 390 1188 care
420 1156 545 1200 pater,
578 1150 719 1188 cervici
751 1149 943 1200 injffinere
976 1155 1156 1196 nostrae3

54 1205 143 1255 Ipse
174 1205 315 1243 subibo
346 1204 533 1251 humeris,
564 1217 638 1244 nee
667 1217 729 1244 me
759 1205 872 1243 labor
901 1204 978 1243 iste
1010 1204 1210 1254 gravabit3

56 1260 142 1306 Quo
173 1272 237 1301 res
269 1272 435 1310 cumque
466 1261 619 1308 cadent,
651 1272 770 1300 unum
803 1265 842 1299 et
871 1272 1079 1298 commune
1109 1259 1315 1310 periclum,

54 1315 136 1353 Una
167 1315 273 1354 salus
302 1314 496 1354 ambobus
529 1316 614 1355 erit..

674 1316 769 1354 Mihi
795 1328 945 1379 ‘parvus
977 1315 1083 1353 Iulus

56 1370 117 1409 Sit
146 1383 298 1415 comeS,
333 1377 371 1409 et
398 1370 514 1421 longe
546 1377 675 1410 servet
704 1371 869 1421 vestigia
901 1370 1083 1409 coniunx.

55 1426 146 1473 Vos,
179 1401 324 1471 samnii,
358 1438 456 1476 quae
487 1426 630 1473 dicam,
662 1427 804 1466 animis
836 1426 1027 1465 advertite
1057 1425 1212 1463 vestris.

56 1480 127 1518 Est
155 1480 252 1519 urbe
284 1481 453 1530 egressis
485 1482 656 1520 tumulus
687 1470 956 1532 templumque
986 1485 1183 1520 vetustum

56 1535 179 1574 Desei
183 1542 242 1575 tae
275 1536 442 1583 Cereris,
474 1537 658 1587 iuxtaque
690 1537 849 1587 antiqua
881 1548 1095 1587 cupressus

56 1590 261 1638 Religle'ne
291 1578 444 1640 patruni
474 1592 618 1630 multos
650 1599 802 1630 servata
833 1604 904 1642 per
934 1603 1074 1630 annos,

58 1645 169 1683 Hanc
200 1658 245 1683 ex
276 1645 430 1684 diverso
463 1647 597 1685 sedem
627 1647 831 1685 veniemus
862 1647 901 1684 in
934 1658 1064 1685 unam.

60 1700 132 1745 Tu,
165 1700 330 1749 genitor,
362 1713 457 1751 cape
489 1712 600 1740 sacra
631 1713 749 1740 manu
779 1701 1009 1751 patriosque
1041 1700 1222 1747 Penati53

59 1755 133 1799 Me,
162 1754 267 1793 hello
298 1768 318 1794 e
351 1761 457 1794 tanto
490 1756 710 1806 digressum
741 1762 780 1794 et
810 1756 930 1794 caede
960 1756 1123 1802 recenti,

61 1810 278 1849 Attrectare
308 1811 432 1856 nefas,
464 1811 591 1850 donec
621 1824 684 1850 me
714 1811 875 1850 flumine
904 1811 991 1849 vivo

57 1921 194 1960 priora,
219 1918 284 1958 vgl.
308 1920 347 1949 A.
365 1918 449 1955 wll,
470 1921 522 1953 79.
551 1938 593 1944 —-·
619 1931 730 1961 auga-

62 1965 154 1994 re'um
187 1963 231 1994 ist
262 1964 341 1994 nach
375 1964 447 1994 dem
471 1964 632 2003 Zeugniss
673 1965 730 1995 des

63 2006 321 2039 Grammatikers
352 2006 479 2039 Probus
513 2008 566 2040 fiir
590 2009 649 2040 das
675 2019 732 2039 un-

62 2052 234 2092 passende,
259 2052 381 2092 jedoch
412 2063 474 2084 von
512 2052 596 2084 allen
623 2053 732 2084 Hand-

65 2094 223 2126 schrifteu
269 2095 427 2135 gebotene
466 2097 641 2128 amilium
677 2107 732 2137 ge-

66 2138 246 2170 schrieben.

108 2192 140 2213 v.
158 2184 346 2216 692—704.
394 2185 584 2226 subitoque.
622 2185 731 2218 Durch

67 2230 100 2257 et
122 2227 185 2257 und
210 2237 275 2268 que
298 2228 385 2259 wird
410 2229 519 2269 1ιὲἰιιίίς
551 2231 631 2262 nach
656 2241 733 2262 xor-

67 2271 306 2311 hergehendem
344 2274 422 2313 viat,
450 2274 537 2314 ubi,
578 2275 736 2307 noudum

67 2314 127 2345 ‹ler
149 2313 313 2347 Naehsatz
349 2298 558 2356 eingelestei,
599 2329 651 2350 um
681 2319 733 2350 die

69 2354 210 2389 schnelle
250 2340 563 2402 Aufeinant'derfolge
610 2364 736 2395 zweier

70 2401 282 2442 Handlungen
307 2415 347 2436 zu
370 2405 580 2444 bezeichnen
610 2417 629 2437 v
633 2407 675 2447 g.l
692 2408 731 2439 A.

68 2444 109 2482 V,
123 2447 199 2478 857.
213 2445 271 2483 XI.
289 2449 364 2481 296.
376 2449 449 2487 XII,
464 2451 518 2483 81.
533 2469 572 2475 -—
589 2418 653 2482 mig.
666 2451 735 2483 lae-

69 2498 158 2520 vum.
193 2489 325 2523 Donner
358 2503 417 2526 zur
439 2476 565 2526 'Linken
589 2495 658 2535 galt
682 2496 736 2527 bei

71 2532 132 2563 den
157 2533 298 2588 Riimern
323 2535 374 2568 fiir
397 2538 448 2569 ein
473 2539 641 2580 gunstigcs
661 2539 736 2572 Zei-

802 1922 893 1952 chen.
911 1939 953 1944 —
976 1920 1087 1960 stella,
1113 1920 1186 1952 eine
1200 1920 1419 1960 Feuerkugel.
1434 1938 1477 1944 -

802 1968 912 1996 vestro
947 1966 983 1995 in
1009 1974 1101 1995 uam.
1140 1963 1245 1996 Troia
1271 1968 1337 2005 est,
1371 1963 1477 2005 Troja

802 2009 889 2040 steht
921 2013 1017 2040 unter
1049 2018 1161 2046 eurem
1194 2009 1352 2046 Schutze‚
1383 2009 1414 2040 d.
1443 2009 1474 2041 h.

802 2053 854 2084 ihr
866 2053 997 2084 werdet
1011 2053 1109 2084 darsu—
1121 2063 1251 2093 sorgen,
1282 2053 1358 2085 dass
1371 2052 1478 2093 Troja

803 2097 890 2128 nicht
903 2107 987 2136 ganz
1002 2098 1187 2137 untergeht,
1218 2098 1361 2129 sondern
1375 2097 1478 2128 durch

802 2142 893 2173 scine
920 2141 1027 2173 Sfihne
1054 2152 1094 2173 an
1120 2142 1225 2174 einem
1252 2142 1377 2173 andern
1398 2141 1477 2172 Orte

803 2197 866 2217 neu
891 2187 1026 2219 erstem.
1055 2185 1175 2226 vgl.A.
1196 2185 1254 2223 IX,
1274 2187 1350 2219 247,

846 2241 878 2261 v.
904 2231 1086 2263 705—20.
1129 2231 1232 2271 longe
1263 2241 1349 2262 serv.
1386 2233 1477 2270 vest„

805 2285 857 2305 um
880 2274 969 2305 nicht
983 2274 1086 2305 dure-11
1103 2275 1162 2306 das
1176 2275 1480 2315 Zusammengehen

806 2319 858 2350 die
884 2318 1185 2350 Aufinerksamkeit
1211 2319 1270 2350 der
1290 2318 1413 2350 Feinde
1439 2328 1481 2349 zu

806 2372 958 2402 erl-egen.
1013 2362 1156 2393 Deshalb
1176 2362 1286 2395 sollen
1319 2362 1401 2394 auch
1426 2362 1479 2392 die

805 2408 929 2439 Dicner
954 2416 998 2437 ew
1022 2406 1158 2437 diverso
1191 2417 1232 2437 zu
1257 2406 1330 2437 dem
1354 2407 1387 2437 iu
1411 2405 1480 2437 ein-

806 2461 916 2483 samer
949 2449 1084 2490 Gegend
1123 2450 1302 2490 gelegenen
1345 2449 1482 2493 Teiiipel

806 2496 866 2527 der
892 2495 994 2526 Ceres
1019 2495 1177 2526 konunen.
1216 2513 1256 2518 —
1291 2498 1482 2527 altrectare

807 2540 919 2578 nefas.
946 2538 1035 2569 VVer
1050 2539 1168 2578 heilige
1184 2539 1397 2578 Handlungen
1417 2549 1494 2571 ver-

1478 500 1543 532 595

1480 775 1545 807 700

1482 1050 1546 1095 τοι,
1570 1093 1573 1096 ,

1485 1327 1549 1359 ’710

1487 1602 1551 1634 715
