1682 2979
114 1146 175 1178 150
198 1140 346 1191 Quidve
369 1147 495 1193 petat,
515 1141 654 1193 quidve
675 1141 758 1194 ipse
779 1142 901 1190 ferat·

112 1430 172 1461 155

205 125 283 164 120

679 122 714 155 P.
735 120 896 154 VlRGILl
914 121 1105 156 MARONIS

204 234 336 286 Qualis
358 246 522 286 gemma,
548 233 679 283 micat,
704 234 849 275 fulvum
872 248 968 287 quae
989 235 1126 276 dividit
1147 251 1300 287 aurum,

120 300 181 332 135
202 291 282 331 Aut
301 289 400 329 collo
422 290 538 330 decus
561 297 628 330 aut
648 290 788 344 capiti3
820 291 883 331 vel
905 291 1015 345 quale
1038 305 1105 346 per
1125 300 1247 334 artem

200 346 393 387 Inclusum
415 346 520 387 buxo
543 354 609 388 aut
631 346 758 388 Oricia
781 348 1002 389 terebintho

198 403 320 443 Lucet
341 403 459 453 ebur3
493 404 599 446 fusos
621 405 760 445 cervix
780 404 843 445 cui
870 406 994 446 lactea
1015 405 1133 446 crinis

197 459 348 513 Accipit
367 467 406 500 et
427 460 532 500 molli
554 461 747 502 subnectit
766 461 931 503 circulus
957 476 1068 502 auro.

199 516 255 556 Te
278 530 428 570 quoque
449 517 719 570 magnanimae
739 517 936 569 viderunt,
962 518 1120 568 lsmare,
1145 526 1281 572 gentes

117 580 179 612 140
200 571 372 613 Volnera
394 573 579 627 dirigere,
609 580 648 613 et
669 574 836 614 calamos
857 588 1010 615 armare
1030 588 1198 625 veneno,

196 629 375 669 Maeonia
397 641 589 683 generose
611 629 739 679 domo,
763 629 826 670 ubi
847 630 1003 694 pinguia
1025 631 1125 672 culta

195 686 472 739 Exercentque
493 685 597 735 viri,
609 686 865 740 Pactolosque
885 686 1038 750 inrigat
1050 701 1158 727 auro.

194 742 327 783 Adtuit
348 750 386 783 et
405 742 651 792 Mnestheus,
675 756 787 796 quem
809 743 907 797 pulsi
929 743 1093 797 pristina
1115 743 1238 783 Turni

196 799 350 853 Aggere
372 812 592 840 moerorum
616 799 819 840 sublimem
841 799 964 852 gloria
986 800 1101 849 tollit,

116 863 175 895 145
199 857 247 896 Et
258 831 420 910 OCapys:
454 855 543 895 hinc
564 870 705 898 nomen
728 856 946 920 Campanae
968 856 1120 897 ducitur
1140 857 1263 897 urbis

307 912 365 952 Illi
387 913 490 953 inter
511 926 598 954 sese
621 913 705 953 duri
727 913 941 954 certamina
963 912 1052 953 belli

196 969 476 1010 Contulerant:
511 969 636 1010 media
657 969 809 1011 Aeneas
833 971 929 1010 freta
952 977 1063 1010 nocte
1085 970 1252 1011 secabat.

192 1026 383 1079 Namque,
414 1033 457 1067 ut
478 1026 524 1066 ab
546 1027 729 1067 Euandro
750 1027 886 1067 castris
908 1027 1107 1080 ingressus
1129 1027 1319 1076 Etruscis,

194 1083 335 1136 Regem
357 1083 449 1133 adit,
475 1090 514 1123 et
536 1084 621 1138 regi
643 1090 833 1124 memorat
853 1096 1070 1136 nomenque
1090 1096 1312 1136 genusque,

933 1139 1154 1180 Mezentius
1176 1153 1284 1180 arma

197 1196 304 1248 Quae
326 1196 399 1237 sibi
422 1197 617 1243 conciliet,
642 1197 891 1249 violentaque
913 1203 1069 1250 pectora
1090 1197 1213 1236 Turni

194 1253 363 1294 Edocet·
398 1253 577 1293 humanis
599 1266 697 1306 quae
718 1254 770 1293 sit
789 1253 928 1294 fiducia
948 1253 1080 1300 rebus,

193 1296 401 1359 Admonet,
425 1310 681 1363 inmiscetque
703 1323 853 1364 pleces.
897 1310 1006 1350 Haud
1029 1309 1069 1348 fit
1089 1323 1223 1360 mora,
1257 1310 1437 1352 Tarchon

195 1367 291 1420 Iung
278 1366 324 1406 it
345 1379 452 1419 opes,
477 1367 691 1419 foedusque
713 1366 827 1415 ferit3
863 1373 941 1406 tum
964 1366 1087 1406 libera
1108 1367 1176 1406 fati

199 1422 374 1463 Classem
396 1423 652 1463 conscendit
642 1424 760 1463 iussis
783 1436 879 1476 gens
900 1423 1023 1477 Lydia
1046 1423 1190 1474 divom,

198 1480 375 1519 Externo
397 1479 605 1520 commissa
628 1479 729 1519 duci.
771 1479 918 1519 Aeneia
942 1479 1076 1533 puppis

193 1536 321 1581 Prima
341 1542 462 1586 tenet,
486 1543 615 1576 rostro
637 1535 830 1591 Phrygios
852 1536 1056 1576 subiuncta
1077 1535 1236 1586 leones3

196 1593 363 1633 Inminet
384 1592 450 1633 Ida
472 1606 604 1647 super,
629 1593 802 1647 profugis
824 1592 1048 1648 gratissima
1068 1592 1247 1634 Teucris.

194 1695 303 1728 Helm.
331 1714 375 1719 —
407 1697 503 1728 bucco
531 1699 608 1728 aut.
653 1695 765 1729 Ueber
792 1696 855 1728 den

192 1741 313 1773 Hiatus
340 1753 368 1774 s.
396 1741 488 1774 Einl.
514 1753 546 1785 p.
575 1741 647 1774 Vll.
675 1760 719 1765 --
762 1741 854 1774 Orio.

193 1791 258 1819 ter.
303 1788 361 1819 Bei
387 1786 532 1828 Oricus,
569 1788 664 1820 einer
690 1788 789 1820 Stadt
823 1788 855 1819 in

191 1832 333 1875 Epirus,
354 1834 473 1874 gedieh
493 1833 689 1874 vorziiglich
704 1833 858 1865 derTer-

191 1879 411 1920 pentinbaum
460 1880 521 1911 mit
577 1879 856 1911 schwiirzlichem

192 1924 309 1956 Holze.
355 1923 543 1965 Uebrigens
572 1925 641 1965 vgl.
661 1926 722 1956 mit
747 1926 779 1956 d.
802 1924 854 1956 St.

193 1969 288 2001 Hom.
311 1969 374 2001 Od.
398 1969 454 2010 Vl,
475 1970 643 2002 230—35.
664 1987 705 1992 —
732 1979 853 2021 qrzagn.

190 2018 312 2068 gent„
363 2015 422 2046 das
472 2016 601 2046 homer.
643 2011 855 2059 μεγιὶἳψιοι

189 2057 336 2103 Αχαιοί.
349 2078 393 2083 -—
410 2061 478 2092 eal.
499 2071 589 2092 arm.
611 2071 685 2092 ven.
679 2084 700 2100 .‚
722 2071 750 2092 s.
766 2071 797 2091 z.
812 2060 852 2091 A.

192 2105 252 2147 IX,
266 2106 345 2137 773.
358 2106 649 2148 -lllae011.g·.en
664 2106 713 2146 d„
730 2129 754 2146 ,‚
746 2105 857 2145 ,edler

193 2151 311 2193 Zweig
336 2162 409 2183 vom
437 2152 653 2183 m'aonischen
683 2151 837 2183 Stamm.·'
829 2151 853 2168 ‘

192 2200 349 2238 —pz'ng.
372 2197 481 2237 culta,
503 2209 531 2229 s.
545 2196 855 2237 z.G.111‚124.—-

192 2243 372 2282 Pactolos,
403 2243 456 2275 ein
483 2242 581 2274 Fluss
601 2242 766 2285 Lydiens,
795 2243 855 2274 der

194 2287 368 2321 Goldsand
388 2289 449 2320 mit
467 2289 538 2320 sich
561 2288 685 2320 l'iibrte.
704 2306 743 2312 --
762 2298 855 2320 moe-

192 2344 332 2376 rorum,
382 2334 630 2367 archaislische
665 2333 770 2366 Form·
800 2333 855 2365 fiir

191 2390 389 2420 murorum,
421 2380 475 2412 die
502 2380 588 2411 auch
617 2381 699 2412 noch
728 2380 767 2411 A.
790 2378 852 2420 Xl,

193 2425 255 2458 :552
275 2426 473 2458 vorkommt.
502 2443 541 2449 -—
569 2426 650 2457 hinc
669 2436 703 2457 n.
727 2426 850 2467 Camp.

192 2472 226 2502 d.
247 2473 338 2504 urbi.
367 2470 440 2504 Liv.
463 2470 519 2513 IV,
540 2472 603 2503 37:
637 2471 796 2503 traditur
811 2489 855 2495 —

193 2517 415 2549 Vulturnum
447 2518 687 2550 Etruseorum
718 2517 852 2557 urbem,

193 2573 282 2604 qaae
300 2574 394 2596 nunc
414 2564 537 2606 Capua
557 2567 623 2604 est,
653 2563 697 2595 ab
717 2562 855 2596 Samni-

929 1697 1021 1728 tibus
1034 1698 1187 1738 captam,
1210 1695 1434 1736 Capuamque
1446 1695 1488 1727 ab
1499 1694 1587 1727 duee

928 1752 1047 1774 eorum
1075 1741 1212 1784 Capye,
1242 1740 1299 1772 vel
1323 1741 1418 1783 quod
1436 1743 1586 1783 propius

927 1798 1007 1820 vero
1026 1791 1091 1828 est,
1110 1797 1132 1819 α
1151 1789 1344 1829 campestri
1360 1796 1447 1829 agro
1465 1786 1586 1829 appel-

927 1835 1050 1866 latam..

971 1890 1005 1911 v.
1029 1878 1194 1910 146—65.
1222 1880 1418 1920 ingressus,
1439 1877 1585 1919 niimlich

927 1928 991 1956 est.
1032 1923 1128 1964 Virg.
1148 1922 1271 1965 kniipt't
1297 1923 1373 1954 hier
1396 1933 1437 1954 an
1463 1923 1524 1954 das
1543 1924 1583 1954 Α.

925 1969 1015 2008 Vlll,
1054 1969 1203 2000 603-7
1246 1967 1410 2000 Εηέἰὴίῑο
1450 1978 1505 1999 an.
1541 1985 1585 1991 —

924 2015 1050 2056 quidve
1064 2017 1177 2056 petat.
1212 2012 1274 2046 Mit
1292 2024 1329 2045 ve
1347 2013 1484 2046 werden
1505 2013 1586 2045 biiu-

926 2061 969 2100 ἧς
988 2059 1122 2100 Fragen
1142 2059 1333 2099 augei-eim,
1365 2059 1419 2091 die
1444 2070 1506 2091 zur
1522 2058 1586 2090 Er-

925 2106 1106 2146 liiuterung
1131 2105 1213 2136 oder
1236 2103 1586 2146 Vcrvollstiindigung

924 2152 1018 2183 einer
1058 2151 1258 2190 vorhergeh.
1299 2149 1405 2191 Frage
1448 2150 1583 2191 dienen,

923 2197 991 2237 vgl.
1020 2199 1058 2228 Α.
1090 2195 1114 2238 l,
1135 2196 1212 2228 369.
1255 2195 1296 2237 11,
1325 2195 1477 2227 74.151.
1521 2194 1582 2236 IX,

924 2243 1000 2274 3713.
1022 2242 1099 2273 490.
1128 2241 1213 2274 Eine
1233 2240 1343 2282 Frage
1362 2242 1408 2273 ist
1426 2242 1499 2273 hier
1518 2251 1583 2273 nun

924 2288 1055 2320 l'reilich
1077 2288 1170 2320 nicht
1187 2287 1427 2320 ausdriicklich
1446 2287 1585 2318 vorher-

922 2343 1110 2374 gegangen,
1141 2333 1223 2365 aber
1247 2333 1280 2365 in
1310 2333 1383 2366 dem
1408 2335 1584 2364 memorat

923 2390 1118 2420 nomenque
1133 2389 1315 2420 genusque
1334 2378 1417 2420 liegt
1434 2378 1488 2410 die
1504 2379 1583 2409 Ant-

922 2430 1006 2456 wort
1025 2424 1087 2456 auf
1103 2425 1155 2456 die
1167 2424 1273 2465 Frage
1292 2426 1372 2466 qm's
1390 2426 1466 2455 sit?
1480 2442 1525 2446 —
1544 2424 1585 2456 li-

925 2472 1123 2511 berasuti,
1154 2480 1257 2508 „vom
1285 2469 1583 2512 Schicksalsspru-

923 2517 983 2549 che
1018 2516 1061 2558 (s.
1091 2516 1128 2548 A.
1156 2514 1243 2556 Vlll,
1274 2515 1483 2556 499—513)
1511 2519 1584 2546 ent-

923 2562 1100 2595 bunden.“
1122 2580 1163 2585 —
1182 2561 1257 2594 Ida.
1285 2560 1364 2594 wie
1384 2560 1437 2594 die
1454 2559 1582 2593 Numen
