1682 2979
12 2490 20 2496 ,
63 2458 151 2490 ὃῆθι·
164 2458 206 2488 im
217 2457 308 2498 Virg.
323 2471 330 2496 ;

533 199 753 232 AENEIDOS
779 199 860 232 LlB.
889 200 944 231 IV.

1397 191 1473 230 109

59 300 174 340 Haud
204 300 317 339 aliter
348 305 472 338 terras
510 300 612 338 inter
643 300 874 350 caelumque
904 298 1071 345 volabat,

59 356 170 395 Litus
202 367 410 393 arenosum
442 355 490 393 ad
520 354 679 405 Libyae,
711 360 927 404 ventosque
959 355 1117 393 secabat

59 411 235 449 Materno
250 410 429 449 rveniens
460 409 508 448 ab
540 422 610 448 avo
643 410 815 460 Cyllenia
846 408 994 459 proles.

58 466 108 504 Ut
137 465 306 516 primum
337 465 451 504 alatis
482 465 610 514 tetigit
638 465 804 514 magalia
833 463 994 514 plantis,

57 521 216 559 Aenean
247 520 474 568 fundantem
506 532 616 559 arces
647 532 691 558 ac
720 524 821 558 tecta
853 523 1061 557 novantem

60 575 277 626 Conspicit.

335 576 462 625 Atque
493 575 549 613 illi
579 575 758 613 stellatus
788 574 941 624 iaspide
972 573 1073 611 fulva

57 630 176 668 Ensis
208 635 302 676 erat,
335 630 532 681 Tyrioque
562 630 726 669 ardebat
754 629 904 668 murice
934 629 1045 667 laena

57 685 237 723 Demissa
268 697 314 723 ex
342 685 531 731 humeris,
563 685 672 722 dives
704 697 804 735 quae
834 695 996 722 munera
1026 682 1125 721 Dido

60 739 228 778 Fecerat
259 745 295 778 et
326 740 432 779 tenui
466 740 562 778 telas
594 740 836 778 discreverat
866 751 974 777 auro.

60 794 256 833 Continuo
288 794 456 833 invadit:

490 795 549 833 Tu
580 807 683 833 nunc
714 793 960 843 Carthaginis
993 792 1094 831 altae

58 849 329 888 Fundamenta
359 850 480 895 locas,
511 849 794 899 pulchramque
824 848 984 886 uxorius
1016 847 1152 885 urbem

56 903 270 942 Exstruis?
299 904 376 943 heu
406 904 515 953 regni
548 915 759 953 rerumque
790 903 910 940 oblite
943 901 1119 940 tuarum!

58 959 149 1008 Ipse
181 959 296 997 deum
328 959 397 997 tibi
428 971 490 996 me
522 958 626 996 claro
664 956 831 995 demittit
864 956 1029 1006 Olympo

55 1013 265 1062 Regnator,
298 1013 448 1051 caelum
481 1018 518 1050 et
549 1017 674 1050 terras
705 1012 769 1061 qui
801 1011 962 1049 numine
995 1017 1172 1060 torquet3
1210 1005 1218 1013 '

55 1068 146 1118 Ipse
176 1068 274 1106 haec
304 1068 406 1106 [erre
436 1067 545 1106 iubet
575 1066 715 1105 celeris
746 1066 926 1104 mandata
953 1067 1028 1116 'per
1058 1077 1200 1103 auras:

60 1122 163 1169 Quid
194 1121 346 1162 struis?
377 1129 443 1161 aut
473 1135 547 1173 qna
579 1134 651 1172 spe
681 1121 838 1171 Libycis
870 1121 966 1159 teris
998 1120 1076 1159 otia
1107 1118 1256 1159 terris?

58 1178 100 1216 Si
132 1184 169 1216 te
199 1177 303 1215 nulla
335 1182 465 1216 movet
495 1183 689 1215 tantarum
721 1176 844 1224 gloria
877 1188 1007 1214 rerum

59 1232 141 1271 Nec
171 1244 293 1282 super
320 1233 407 1283 ipse
438 1238 501 1271 tua
532 1232 685 1270 moliris
716 1231 831 1270 laude
861 1231 1048 1277 laborem,

57 1287 267 1326 Ascanium
299 1293 523 1337 surgentem
554 1294 593 1325 et
622 1299 714 1337 spes
745 1286 904 1326 heredis
934 1286 1007 1324 Iuli

58 1342 239 1392 Respice,
272 1343 333 1380 cui
365 1355 528 1392 regnum
559 1342 695 1380 Italiae
725 1342 979 1392 Romanaque
1013 1341 1127 1380 tellus

58 1396 271 1436 Debentur.

331 1397 415 1436 Tali
448 1398 646 1447 Cyllenius
679 1409 746 1435 ore
777 1397 933 1435 locutus

57 1451 232 1490 Mortalis
261 1452 370 1491 visus
401 1453 530 1490 medio
562 1463 746 1491 sermone
776 1452 950 1501 reliquit,

0 1553 2 1557 y
57 1506 106 1544 Et
133 1506 272 1557 procul
303 1507 341 1545 in
373 1513 530 1546 tenuem
563 1520 607 1545 ex
638 1507 762 1545 oculis
795 1506 951 1545 evanuit
981 1517 1127 1544 auram.

168 1564 218 1600 At
246 1574 337 1600 vero
367 1564 519 1600 Aeneas
551 1568 712 1612 aspectu
744 1561 940 1599 obmutuit
968 1573 1115 1607 amens,

58 1618 324 1666 Arrectaeque
354 1617 528 1654 horrore*
550 1628 698 1661 comae,
731 1624 770 1655 et
799 1628 871 1654 vox
901 1616 1080 1654 faucibus
1111 1614 1251 1653 haesit.

57 1671 178 1709 Ardet
208 1670 315 1709 abire
348 1672 437 1720 suga
468 1671 674 1721 dulcisque
704 1671 931 1720 relinquere
964 1676 1101 1715 terraS,

58 1725 257 1763 Attonitus
290 1732 396 1764 tanto
428 1725 580 1764 monitu
612 1725 845 1775 inperioque
878 1724 1053 1763 deorum.

59 1779 143 1818 Heu
175 1780 268 1830 quid
300 1779 416 1830 agat?>
447 1793 523 1831 quo
556 1793 659 1819 nunc
689 1781 866 1830 reginam
898 1780 1046 1818 ambire
1078 1779 1272 1817 furentem

59 1930 110 1962 lei·
134 1930 270 1963 qucht.
301 1949 341 1955 —-
366 1932 474 1963 Hand
497 1933 610 1963 aliter.
641 1932 732 1964 Ganz

60 1976 142 2006 nach
175 1976 409 2007 hoinerischem
434 1976 612 2015 Vorgange
649 1977 728 2015 (vgl.

61 2019 181 2062 Odyss.
200 2019 240 2055 V,
261 2022 300 2052 51
314 2022 422 2059 —54)
446 2019 528 2052 liebt
554 2020 648 2060 Virg.
678 2021 730 2051 (lie

58 2063 282 2102 Fortfiilirung
305 2064 395 2095 eines
414 2063 647 2101 Gleichnisses,
672 2065 731 2096 das

0 2115 1 2122 ¹
59 2107 91 2138 in
116 2107 228 2138 seinen
247 2107 541 2150 Hauptinomenten
566 2109 664 2139 sehon
689 2109 731 2139 im

57 2150 264 2191 Vorhergeh.
288 2151 457 2183 euthalten
481 2152 534 2188 ist,
562 2152 628 2192 vgl.
648 2152 731 2184 oben

13 2197 20 2204 “
58 2205 90 2226 v.
121 2196 283 2228 149—50.
311 2215 353 2220 —
392 2199 505 2227 terras
528 2198 621 2227 inter·
646 2197 729 2228 cael.

60 2239 185 2270 scheint
230 2239 302 2270 eine
345 2240 627 2282 sprichwiirtliche
668 2241 731 2272 Re-

61 2283 196 2314 densart
218 2293 373 2323 gewesen
397 2295 437 2315 zu
468 2284 555 2321 sein;
595 2285 730 2316 ‹leshalb

60 2326 104 2358 ist
127 2337 168 2358 an
193 2327 265 2358 dem
290 2331 402 2359 terras
426 2328 502 2360 kein
526 2330 666 2360 Anstoss
691 2339 732 2360 zu

40 2370 208 2401 'nehmem
249 2389 292 2395 —
346 2372 487 2403 volabat
581 2374 730 2404 secabat.

60 2413 239 2445 Aehnliche
265 2412 514 2457 ὁμοιοτέλευτα
528 2417 636 2448 finden
662 2417 731 2448 sich

358 2460 422 2500 vgl.
438 2461 476 2492 A.
492 2460 545 2497 111,
561 2463 728 2494 656—57.

61 2501 100 2539 V,
130 2503 310 2535 385—86.
337 2502 391 2540 VI,
420 2505 586 2538 844—45.
616 2516 646 2536 u.
675 2515 728 2541 a.;

61 2546 142 2578 noch
168 2545 255 2577 oster
278 2546 320 2577 im
347 2547 443 2578 Ovid.

844 1943 876 1963 v.
906 1933 1072 1965 259—64.
1109 1931 1285 1972 magalia,
1311 1941 1337 1962 s.
1352 1941 1380 1961 z.
1395 1929 1471 1965 A.1‚

801 1978 876 2008 421.
904 1995 948 1999 —
985 1979 1090 2016 atque
1128 1975 1217 2006 siibrt
1241 1979 1348 2005 etwas
1373 1974 1477 2004 Unel·-

800 2025 962 2051 wartetes
989 2020 1052 2050 und
1070 2018 1382 2050 Ceberraschendes
1407 2017 1471 2048 ein.

800 2082 842 2087 —
867 2064 1003 2102 fecerat
1033 2063 1367 2101 et...d1·screverat‚
1393 2061 1476 2092 wie-

802 2109 862 2139 der
875 2107 1078 2139 coordiuirte
1095 2107 1203 2143 Satze,
1231 2117 1285 2138 wo
1301 2106 1353 2137 die
1369 2105 1476 2137 Prosa

802 2152 1049 2183 subordiniren-
1061 2151 1190 2182 wurde.

845 2207 876 2227 v.
906 2197 1087 2228 265—78.
1130 2197 1277 2236 torquet,
1312 2194 1471 2229 umdreht,

800 2240 866 2280 vgl.
882 2242 919 2271 A.
938 2239 995 2275 IX,
1011 2241 1064 2272 93.
1085 2239 1152 2271 Cic.
1167 2239 1269 2270 Aead.
1283 2237 1322 2274 ΙΙ,
1337 2239 1391 2270 39:
1410 2241 1476 2268 ter·

801 2295 843 2316 ra
868 2286 1002 2316 ciream
1036 2293 1138 2315 axem
1161 2294 1196 2314 se
1220 2291 1355 2314 summa
1393 2281 1477 2312 cele-

801 2331 907 2360 ritate
931 2329 1105 2359 convertit
1126 2330 1160 2358 et
1184 2329 1330 2367 torquet.
1347 2343 1387 2348 —
1412 2324 1477 2355 Αε-

802 2374 942 2404 canium
959 2371 1097 2410 ...[ιιῐί,
1123 2370 1240 2406 s.A.1,
1255 2371 1331 2402 267.
1357 2388 1400 2393 —
1425 2371 1476 2400 ta-

803 2417 830 2447 Ιί
852 2427 929 2456 ore,
956 2416 987 2446 in
1021 2415 1151 2446 solcher
1175 2414 1278 2446 Rede.
1313 2433 1356 2437 —
1386 2412 1474 2444 med.

801 2471 920 2500 serm„
957 2461 1039 2492 ohne
1064 2459 1126 2490 auf
1146 2460 1300 2490 Antwort
1323 2468 1363 2489 zu
1387 2466 1477 2488 war-

803 2510 867 2541 ten,
898 2504 963 2543 vgl.
992 2505 1030 2535 A.
1060 2503 1117 2540 IX,
1148 2505 1224 2536 657.

849 2559 877 2579 v.
907 2549 1091 2581 279—87.
1142 2547 1203 2579 Mit
1238 2548 1323 2580 obm.
1357 2554 1476 2577 amens

1490 472 1554 505 260

1491 747 1555 779 265

1491 1021 1556 1053 270

1489 1571 1553 1603 280
