1682 2979
177 147 255 187 152

656 145 691 179 P.
713 143 876 177 VIRGILI
894 144 1088 178 MARONIS

174 255 325 309 Ingenti
347 269 446 309 gyro
460 271 479 305 3-
503 255 573 296 sed
594 256 763 296 sustinet
783 269 927 297 aureus
949 256 1079 296 umbo.
1119 293 1122 295 .

89 320 153 353 885
177 313 257 351 Ter
278 311 423 350 circum
446 311 663 352 adstantem
686 313 820 353 laevos
843 313 1032 364 equitavit
1056 313 1097 353 in
1119 314 1241 364 orbis,

173 367 268 407 Tela
289 380 408 407 manu
428 366 602 418 iaciensg
638 376 699 408 ter
720 383 850 410 secum
873 370 1015 411 Troius
1039 370 1154 410 heros

172 423 373 463 Inmanem
395 431 529 465 aerato
552 425 778 465 circumfert
798 426 970 479 tegmine
992 426 1147 468 silvam.

174 480 266 519 Inde
288 479 353 519 ubi
374 487 432 519 tot
455 481 627 521 traxisse
649 496 794 532 moras,
819 489 876 522 tot
896 483 1042 536 spicula
1064 483 1193 523 taedet

173 535 347 585 Vellere,
373 543 413 576 et
435 544 625 591 urguetur
645 552 773 591 pugna
795 552 1030 592 congressus
1054 539 1200 592 iniqua,

88 600 154 633 890
176 592 301 632 Multa
322 605 486 632 movens
508 593 637 632 animo
659 594 735 633 iam
758 595 911 634 tandem
934 596 1117 649 erumpit,
1141 603 1179 635 et
1200 596 1305 636 inter

173 648 382 688 Bellatoris
405 649 493 701 equi
516 662 613 689 cava
635 656 810 702 tempora
832 650 988 691 coniicit
1009 651 1173 692 hastam.

175 704 298 744 Tollit
319 717 362 744 se
384 712 582 744 arrectum
605 705 839 759 quadrupes,
866 713 905 745 et
925 706 1094 747 calcibus
1116 721 1233 748 auras

174 760 383 810 Verberat,
409 761 649 814 effusumque
671 762 837 814 equitem
861 776 980 816 super
1000 763 1083 815 ipse
1104 771 1262 804 secutus

175 817 352 870 Inplicat,
379 817 582 870 eiectoque
604 818 794 858 incumbit
815 831 983 859 cernuus
1006 832 1130 859 armo.

56 880 63 887 ’
92 881 156 914 895
181 873 362 913 Clamore
385 874 597 914 incendunt
619 875 766 915 caelum
789 875 992 928 Troesque
1014 875 1238 929 Latinique.

174 930 345 970 Advolat
365 929 537 979 Aeneas,
562 930 782 984 vaginaque
805 931 920 984 eripit
942 945 1092 981 ensem,

176 987 225 1026 Et
245 1000 364 1040 super
386 985 504 1026 haec:
541 986 609 1027 Ubi
633 1001 735 1027 nunc
755 987 978 1028 Mezentius
1001 1001 1107 1036 acer,
1137 995 1176 1027 et
1196 987 1264 1028 illa

175 1043 306 1083 Effera
329 1042 387 1083 vis
410 1043 559 1082 animi?
590 1043 737 1083 Contra
759 1044 1007 1098 Tyrrhenus,
1032 1051 1074 1083 ut
1094 1058 1246 1088 auras.

179 1098 404 1151 Suspiciens
427 1099 559 1139 hausit
580 1100 746 1148 caelum,
773 1107 1019 1152 mentemque
1041 1100 1215 1153 recepit:

94 1163 158 1195 900
182 1154 314 1194 Hostis
338 1168 484 1205 amare,
515 1155 606 1208 quid
629 1155 840 1210 increpitas
864 1163 1107 1209 mortemque
1129 1155 1322 1196 minaris?

176 1210 336 1251 Nullum
357 1211 398 1250 in
421 1212 540 1251 caede
563 1214 696 1261 net‘a53
731 1226 802 1252 nec
824 1213 880 1252 sic
903 1213 950 1252 ad
973 1213 1121 1265 proelia
1142 1212 1258 1261 veni,

175 1267 258 1307 Nec
280 1274 408 1307 tecum
431 1281 541 1307 meus
565 1268 658 1308 haec
681 1268 827 1322 pepigit
848 1269 943 1308 mihi
966 1269 1126 1309 foedera
1144 1269 1318 1309 Lausus.

94 1325 120 1357 Γ
180 1323 306 1363 Unum
329 1323 416 1372 hoe,
442 1338 525 1377 per,
551 1324 584 1364 si
607 1338 680 1377 qua
703 1331 764 1365 est
785 1324 899 1364 victis
922 1325 1039 1364 venia
1062 1325 1252 1373 hostibus,
1279 1339 1370 1370 oro:

185 1379 336 1432 Corpus
359 1379 475 1419 humo
498 1380 647 1432 patiare
670 1381 765 1434 tegi.
811 1380 900 1421 Scio
925 1381 1067 1421 acerba
1089 1394 1264 1422 meorum

95 1442 160 1474 905
183 1434 452 1475 Circumstare
475 1435 586 1475 odia:
622 1436 736 1484 hunc,
760 1450 846 1485 oro,
872 1437 1035 1477 defende
1057 1439 1256 1488 surorem3
1317 1450 1320 1454 ’

178 1491 229 1530 Et
250 1503 312 1530 me
333 1498 555 1531 consortem
579 1492 662 1532 nati
684 1494 853 1532 concede
875 1493 1101 1546 sepulchro.

182 1547 288 1586 Haec
311 1547 497 1600 loquitur,
523 1548 731 1601 iuguloque
754 1548 852 1589 haud
875 1548 1024 1590 inscius
1048 1549 1187 1602 accipit
1209 1562 1360 1600 ensem,
1380 1602 1382 1605 .

182 1603 430 1656 Undantique
452 1604 620 1644 animam
643 1605 822 1645 diffundit
841 1605 881 1645 in
904 1619 1014 1646 arma
1041 1618 1199 1645 cruore.

183 1745 227 1751 —
246 1728 385 1760 siloam.
423 1727 552 1760 Lucan.
580 1727 637 1768 VI,
659 1729 742 1760 205:
772 1728 854 1760 clen-

182 1783 330 1815 samqae
347 1774 478 1815 serens
497 1776 531 1804 in
545 1777 692 1815 pectore
710 1774 853 1806 silvam.

229 1829 262 1849 v.
284 1818 476 1850 sss—908.
499 1829 614 1860 pugn.
631 1822 769 1860 iniqua.
789 1819 855 1850 Ae-

185 1873 265 1894 neas
286 1863 438 1905 k'zimpl'te
457 1874 498 1895 zu
519 1864 618 1896 Fuss.
639 1880 683 1888 —
712 1867 806 1895 inter
824 1875 852 1896 c.

184 1912 306 1949 temp„
326 1909 394 1948 vgl.
416 1908 512 1940 Hom.
534 1909 573 1941 Il.
595 1909 686 1950 vm,
706 1910 852 1941 81-94.

118 1978 127 1983 ,
183 1971 225 1976 —-
255 1953 414 1984 calcibus
440 1954 487 1985 ist
512 1964 576 1985 von
614 1955 678 1985 den
707 1953 856 1985 Vorder-

186 1997 303 2029 I'iissen
325 2008 367 2029 zu
386 1999 587 2039 ver-slehen,
607 2000 675 2039 vgl.
694 1999 755 2030 Sil.
773 1998 851 2030 Ital.

183 2041 291 2083 XVII,
316 2043 397 2074 135:
420 2046 607 2084 crescitque
627 2054 686 2075 ore
707 2048 854 2075 cruento

188 2088 481 2129 Quadrupedem,
519 2089 625 2120 elalz's
647 2090 854 2130 pulsantem

186 2133 343 2164 calcibus
368 2144 490 2165 auras.
521 2152 565 2157 ——
601 2136 711 2165 eiecto
738 2144 853 2174 armo,

186 2179 248 2209 mit
305 2179 569 2218 ausgerenktem
618 2178 854 2219 vorderbuge.

186 2222 256 2255 Aus
277 2224 542 2265 dieserAngabc
563 2225 692 2257 ersieht
710 2235 784 2256 man
802 2225 855 2256 die

188 2268 379 2308 Heftigkeit
413 2269 473 2301 des
509 2269 636 2301 F-alles.
689 2270 855 2302 Aehnlieh

189 2314 250 2346 Sil.
272 2313 348 2345 Ital.
369 2312 415 2355 X,
428 2315 513 2346 255:
536 2326 752 2358 quamquam
776 2317 858 2347 Cer-

926 1740 1018 1760 nnus
1060 1729 1196 1772 inflexo
1239 1731 1380 1772 sonipes
1413 1730 1595 1772 effuderat

926 1785 1040 1807 armo.
1083 1777 1209 1806 eiicere
1234 1785 1396 1815 armum,
1432 1776 1495 1808 den
1523 1776 1595 1817 Bag

925 1820 1133 1861 vcrrenken,
1154 1820 1230 1861 sagt
1249 1821 1334 1852 auch
1348 1818 1592 1861 Veget.11‚45,

926 1866 943 1896 7
971 1866 1037 1896 und
1066 1865 1195 1897 ebenso
1223 1864 1281 1903 ΙΙΙ,
1308 1865 1365 1907 41,
1395 1865 1433 1897 1;
1469 1869 1594 1898 eiicere

926 1913 1109 1942 cervicem.
1139 1928 1183 1933 -
1211 1911 1254 1942 cl.
1284 1913 1354 1942 inc.
1385 1911 1591 1952 cael.,-vgl.

923 1955 964 1986 A.
985 1955 1046 1995 XI,
1078 1955 1153 1986 147.
1183 1973 1221 1978 —-
1249 1966 1368 1996 super,
1399 1966 1428 1987 s.
1457 1957 1544 1989 oben
1562 1968 1594 1988 v.

926 2001 1003 2031 55⁴3.
1025 2018 1070 2022 —-
1088 2000 1215 2031 hausit
1230 2001 1348 2041 (nfiml.
1371 2001 1498 2041 oeulis)
1518 2012 1596 2033 cae-

926 2045 1012 2083 lum,
1040 2045 1107 2084 vgl.
1136 2044 1174 2077 G.
1198 2045 1239 2086 II,
1260 2046 1337 2077 340.
1375 2046 1415 2078 Α.
1436 2045 1492 2087 IV,
1514 2047 1593 2079 661.

925 2087 1162 2129 X11,o-10.‘-
1180 2101 1241 2122 nec
1259 2093 1308 2122 sic
1325 2091 1374 2122 ad
1389 2101 1446 2132 pr.
1466 2102 1513 2130 v.,
1534 2093 1596 2124 mit

927 2135 1001 2166 dem
1022 2134 1207 2167 Gedanken
1230 2136 1389 2175 niimlich,
1419 2147 1455 2168 es
1475 2137 1530 2169 rii:-
1548 2138 1597 2170 ei-

927 2191 991 2211 nen
1011 2179 1134 2212 Frevel
1152 2192 1193 2212 zu
1215 2181 1344 2219 halten,
1377 2181 1512 2223 besiegt
1529 2193 1594 2214 von
1627 2190 1629 2192 ’
1678 2164 1682 2187 ’ἱ

928 2226 981 2256 dir
1001 2226 1156 2266 getiidtet
1175 2237 1216 2258 zu
1236 2227 1386 2258 werden.
1407 2245 1448 2250 ——
1466 2238 1543 2270 per,
1563 2230 1598 2260 si

928 2281 998 2312 qua
1017 2274 1081 2312 est,
1104 2281 1132 2303 s.
1155 2282 1186 2304 z.
1206 2272 1245 2304 A.
1266 2272 1307 2312 11,
1331 2272 1404 2304 142.
