1682 2979
582 165 805 213 Amninos
832 165 914 198 Lm.
941 166 964 197 1.
988 203 996 213 ,

75 270 156 309 Nec
185 267 331 319 pietate
361 265 436 305 fuit
465 275 539 304 nec
567 264 672 304 bello
702 266 828 306 maior
857 271 896 304 et
926 266 1059 305 armis.

21 364 26 369 ζ
78 325 202 371 Quem
234 321 267 360 si
298 322 377 360 sata
407 320 532 359 virum
563 327 738 367 servant,
771 322 804 360 si
834 321 1006 360 vescitur
1035 334 1154 360 aura-

75 377 271 423 Aetheria,
302 388 430 427 neque
461 366 589 415 adhuc
619 376 846 415 crudelibus
877 376 1044 416 occubat
1078 376 1238 422 umbris

73 434 161 473 Non
191 437 332 478 metus,
365 431 496 470 officio
528 443 577 470 ne
607 437 645 470 te
677 437 850 470 cettasse
881 432 1054 482 pliorem

73 487 293 528 Poeniteat.
353 487 453 525 Sunt
482 491 521 525 et
550 486 695 526 Siculis
726 487 955 536 regionibus
986 487 1103 526 urbes

74 545 265 594 Arvaque,
297 541 550 592 Troianoque
581 554 601 580 a
631 542 824 591 sanguine
855 542 983 581 clarus
1014 543 1191 582 Acestes.

78 599 312 645 Quassatam
342 596 469 636 ventis
499 597 618 636 liceat
647 597 867 636 subducere
899 597 1079 643 classem,

75 655 124 692 Et
154 653 261 691 silvis
293 658 427 702 aptare
457 652 590 690 trabes
621 658 659 691 et
689 653 882 702 stringere
913 665 1057 698 remos,

77 708 119 747 Si
151 708 264 746 datur
294 707 457 752 ltaliam,
491 706 611 745 sociis
642 712 681 746 et
710 719 801 757 rege
832 713 1006 758 recepto,

75 763 267 808 Tendere,
299 767 340 800 ut
368 761 520 800 Italiam
550 762 643 801 laeti
673 762 908 812 Latiumque
939 769 1131 813 petamus,

76 818 145 856 Sin
177 817 384 867 absumpta
416 817 534 862 salus,
568 822 604 855 et
634 822 684 862 te,
717 825 829 867 pater
860 824 1019 867 optume
1052 818 1258 863 Teucrum,

74 873 225 912 Pontus
255 871 374 910 habet
402 870 560 920 Libyae,
593 882 667 908 nec
696 883 790 920 spes
823 871 898 909 iarn
930 877 1053 909 restat
1084 872 1169 918 luli,

73 928 123 966 At
153 928 252 966 freta
284 924 466 964 Sicaniae
497 925 635 962 saltem
667 925 862 975 sedesque
892 931 1061 975 parataS,

72 982 182 1021 Unde
212 981 288 1019 huc
319 979 492 1025 advecti,
523 990 735 1030 legemque
765 985 944 1030 petamus
976 982 1158 1019 Acesten.

73 1036 234 1075 Talibus
266 1035 459 1082 llioneus3
491 1034 621 1073 cuncti
652 1035 769 1074 simul
801 1047 868 1074 ore
901 1035 1121 1074 fremebant

74 1090 334 1131 Dardanidae.

129 1147 140 1149 “
188 1145 288 1183 Tum
317 1144 491 1183 breviter
520 1144 634 1190 Dido,
664 1144 812 1183 voltum
844 1145 1029 1192 demissa,
1060 1145 1257 1195 profatur:

80 1200 228 1240 Solvite
259 1200 378 1239 corde
407 1205 566 1246 metum,
599 1200 756 1247 Teucri,
789 1200 981 1239 secludite
1013 1213 1140 1240 curas.

77 1255 155 1295 Res
186 1255 281 1294 dura
313 1260 351 1294 et
381 1254 492 1304 regni
523 1255 676 1307 novitas
707 1268 769 1294 me
799 1255 893 1294 talia
925 1264 1070 1305 cogunt

77 1311 220 1358 Moliri,
253 1316 292 1350 ct
320 1310 397 1349 late
427 1310 516 1348 finis
549 1311 712 1350 custode
743 1311 859 1350 tueri.

79 1366 177 1412 Quis
208 1377 330 1416 genus
362 1365 607 1412 Aeneadum,
640 1366 728 1416 quis
760 1366 902 1405 Troiae
933 1367 1085 1405 nesciat
1113 1366 1263 1414 urbem,

77 1421 329 1471 virtutesque
359 1421 555 1471 virosque,
588 1428 653 1460 aut
682 1422 781 1460 tanti
813 1421 995 1460 incendia
1024 1420 1150 1460 belli?

78 1476 165 1515 Non
197 1476 365 1514 obtunsa
395 1476 493 1514 adeo
524 1483 723 1526 gestamus
754 1483 915 1527 pectora
946 1477 1083 1522 Poeni,

78 1531 159 1570 Nec
189 1539 267 1569 tam
298 1543 457 1570 aversus
483 1542 614 1582 ‘equos
644 1531 761 1582 Tyria
792 1532 860 1570 Sol
892 1532 1020 1581 iungit
1049 1532 1096 1570 ab
1128 1532 1238 1572 urbe.

80 1586 159 1625 Seu
188 1598 257 1623 vos
288 1585 522 1635 Hesperiam
552 1597 733 1634 magnam
764 1587 1027 1636 Saturniaque
1059 1599 1160 1633 arva,

77 1641 167 1680 Sive
197 1639 334 1690 Erycis
364 1640 454 1678 finis
485 1651 698 1690 regemque
729 1641 874 1690 optatis
906 1642 1086 1687 Acesten,

78 1695 233 1735 Auxilio
267 1700 370 1734 tutos
402 1695 609 1742 dimittam,
641 1695 864 1746 opibusque
895 1695 1049 1734 iuvabo.

1495 546 1499 547 ⁷
1510 550 1569 581 550

1511 826 1569 857 555

1513 1100 1572 1133 560

1514 1368 1572 1400 565

1515 1643 1574 1675 570

74 1793 160 1825 quas
191 1783 343 1814 scribere
376 1785 427 1813 est
448 1782 581 1819 solilzls,
610 1793 750 1824 neque

73 1829 110 1859 in
133 1827 287 1866 fascibus
306 1827 461 1867 insigma
487 1827 627 1858 Iam-eae
646 1838 750 1868 prae-

80 1872 168 1903 tulit.
216 1870 278 1902 Mit
301 1871 373 1901 dein
398 1870 470 1902 hier
494 1872 751 1913 ausgesproche-

78 1926 140 1948 nen
173 1915 353 1947 Gedanken
384 1914 451 1954 vgl.
488 1915 580 1946 Hom.
618 1915 654 1946 ΙΙ.
693 1915 746 1952 111,

80 1961 153 1993 179.
169 1977 202 1983 —-
223 1969 323 2000 quem
346 1961 378 1990 si
399 1957 424 1997 [ἶ
449 1969 547 1998 set-tu,
572 1959 637 1998 vgl.
657 1959 747 1990 Hom.

78 2004 139 2035 od.
167 2002 257 2040 XIV,
286 2004 340 2036 44.
369 2022 411 2026 —
444 2003 609 2035 aetheria.
659 2002 750 2035 Nach

56 2048 148 2079 -dem
171 2047 349 2087 Vorgange
381 2047 441 2078 der
465 2047 588 2087 griech.
616 2047 752 2079 Dichter

75 2092 283 2132 gebraucheu
308 2091 389 2122 auch
409 2091 461 2122 die
485 2092 668 2123 riimischen
686 2092 751 2123 his-

18 2167 24 2170 .
74 2135 195 2168 weilen
235 2134 357 2167 aether*
390 2135 455 2166 und
491 2136 666 2175 aetherius
699 2137 752 2168 fiir

76 2187 137 2213 aer·
161 2179 225 2211 und
250 2181 376 2215 aerius,
405 2179 470 2219 vgl.
499 2185 596 2212 unten
621 2183 747 2214 v.58·1.

76 2223 131 2260 Vl,
169 2225 245 2257 761.
273 2222 343 2259 VII,
373 2225 448 2256 557.
478 2242 519 2247 -—
554 2225 752 2257 crudelibus

75 2269 208 2300 ‘umbris
243 2268 287 2299 ist
318 2267 391 2299 Abl.
432 2278 492 2299 zur
522 2269 752 2309 Bezeichnung

78 2313 136 2347 des
161 2312 269 2347 ortes.
297 2318 351 2344 wo
377 2322 414 2343 cr
436 2314 521 2349 ruht,
550 2313 615 2353 vgl.
641 2315 681 2345 Α.
707 2314 746 2350 V.

79 2357 155 2389 371.
181 2355 230 2392 X,
255 2359 331 2390 705.
369 2375 410 2380 —
450 2367 521 2388 non
551 2361 682 2398 melus,
716 2369 752 2390 so

79 2400 237 2432 hrauchst
250 2400 292 2432 du
307 2401 396 2432 nicht
409 2412 448 2432 zu
465 2401 625 2438 fiirchten,
657 2403 752 2434 deine

79 2443 299 2476 Wolilthateu
324 2456 363 2477 an
389 2445 483 2477 einen
509 2446 752 2478 Undankbareu

78 2489 331 2521 verschwendet
360 2500 400 2521 zu
425 2490 541 2522 haben.
569 2509 611 2514 -—
652 2492 753 2522 urbes

82 2542 245 2573 arvaque,
271 2533 408 2565 nfuulich
431 2545 494 2566 von
514 2535 752 2575 besreundeten

819 1782 1005 1823 Trojancru
1039 1782 1204 1819 besetzte,
1235 1793 1260 1814 s.
1289 1794 1319 1814 v.
1349 1785 1424 1816 557.
1453 1802 1497 1809 —

819 1828 928 1866 siluis,
955 1827 985 1857 in
1013 1827 1073 1857 den
1100 1827 1275 1864 waldero,
1305 1828 1370 1867 vgl.
1386 1827 1423 1859 G.
1436 1826 1490 1865 111,

821 1873 898 1903 434.
928 1872 965 1901 A.
988 1870 1040 1907 111,
1065 1872 1141 1903 220.
1163 1890 1201 1894 -
1222 1871 1282 1902 Die
1309 1871 1431 1904 &Vol-te
1457 1875 1499 1904 ut

822 1916 899 1946 Ital.
912 1918 1074 1956 petamus
1087 1916 1159 1946 siu'd
1173 1926 1292 1946 wovon
1309 1916 1496 1957 abhiingig‘?

799 1971 802 1974 ·
821 1979 862 1983 —
879 1961 998 1990 cuncti
1017 1960 1130 2000 Simul,
1156 1959 1220 1999 vgl.
1239 1960 1329 2001 Hom.
1345 1960 1381 1992 Il.
1398 1960 1420 1997 I,
1440 1961 1492 1993 22.

864 2058 894 2078 v
934 2049 1099 2080 561—78.
1154 2049 1284 2080 voltum
1340 2049 1496 2080 demersa

821 2091 935 2133 Eurip.
965 2092 1044 2123 Hec.
1073 2094 1157 2124 975:
1192 2089 1304 2145 νόμος
1326 2094 1499 2134 γυναῖκας

822 2131 966 2180 ἀνδρῶν
986 2134 1036 2179 μὴ
1052 2134 1220 2177 ,vehas
1204 2135 1380 2169 ἐναντίον.
1409 2137 1498 2169 Viel-

820 2179 921 2211 leicht
944 2180 1087 2212 uirkteu
1124 2182 1206 2212 auch
1241 2181 1292 2212 die
1318 2181 1497 2213 Vorvsiirl'e

821 2224 879 2256 des
912 2224 1054 2256 Ilioneus
1087 2236 1118 2256 v.
1147 2226 1211 2258 525
1237 2226 1302 2256 und
1327 2227 1433 2258 539-
1439 2228 1493 2258 41.

820 2287 861 2292 —
887 2280 942 2299 res
959 2269 1067 2308 dur-a,
1095 2269 1147 2300 die
1170 2269 1268 2305 Noui,
1299 2269 1351 2300 die
1376 2270 1499 2301 Furcht

821 2313 958 2344 ni'uulich
993 2323 1052 2344 vor
1075 2313 1180 2345 einem
1215 2313 1412 2344 seindlicheu
1437 2314 1499 2346 L'e-

820 2357 973 2388 berfalle.
988 2375 1029 2380 —
1040 2368 1069 2388 v.
1085 2359 1148 2390 568
1160 2358 1285 2389 enthiilt
1295 2359 1356 2389 ‹len
1369 2358 1492 2396 Grund,

820 2401 969 2433 weshalb
995 2402 1056 2432 den
1082 2401 1225 2444 Tyriern
1251 2402 1328 2442 (vgl.
1347 2407 1445 2434 unteu
1463 2413 1494 2434 v.

822 2447 886 2479 619
901 2448 965 2487 sq.)
991 2446 1043 2477 die
1068 2445 1195 2477 Thaten
1228 2457 1289 2478 vor
1312 2446 1417 2487 Troja
1441 2447 1498 2478 lie-

821 2491 924 2521 kannt
955 2490 1038 2520 sind.
1072 2509 1104 2513 -—
1142 2489 1312 2522 Saturnia
1346 2502 1441 2531 arva,
1467 2502 1494 2523 s.

822 2546 849 2565 z.
877 2534 914 2566 G.
941 2533 978 2565 ΙΙ.
1012 2536 1082 2567 173.
1113 2552 1152 2558 -
1177 2535 1299 2578 Eryoe,
1333 2535 1386 2567 ein
1411 2536 1498 2576 Berg
