1682 2979
0 73 20 265 l

66 2017 71 2023 ,
118 2002 150 2023 v.
179 1993 242 2024 893
257 2011 293 2015 —
308 1993 383 2023 901.

579 204 798 236 AENEIDOS
824 204 905 235 Llss.
934 205 988 237 vl.

1418 196 1499 234 203

89 306 174 343 Heu
203 304 351 355 pietas,
384 303 461 342 heu
491 303 621 354 prisca
654 304 763 349 fides,
795 302 1017 353 invictaque
1047 304 1149 342 bello

89 357 274 398 Dextera!
306 370 384 396 non
416 358 472 396 illi
505 371 546 397 se
578 359 786 408 quisquam
815 358 962 407 inpune
996 358 1149 397 tulisset

92 413 236 454 Obvius
267 418 430 459 armam,
463 425 535 451 seu
567 425 654 451 cum
685 413 808 463 pedes
838 413 914 450 iret
939 412 982 456 ,in
1015 412 1181 458 hostem,

90 468 167 507 Seu
198 467 417 517 spumantis
449 468 539 517 equi
570 467 724 506 foderet
753 466 972 505 calcaribus
1005 479 1147 504 armos.

85 523 183 567 Heu,
215 522 438 560 miserande
458 522 577 572 puer,
611 523 644 560 si
677 535 749 572 qua
781 522 859 560 fata
892 522 1031 570 aspera
1061 523 1240 572 rumpas!

86 577 145 615 Tu
175 577 379 615 Marcellus
411 578 502 615 eris.

561 577 740 616 Manibus
772 576 860 615 date
889 576 971 614 lilia
1002 576 1145 626 plenis,

82 631 309 681 Purpureos
340 644 521 682 spargam
552 633 683 678 flores,
715 631 963 681 animamque
994 632 1150 681 nepotis

83 686 155 724 His
186 687 323 725 saltem
355 687 599 726 adcumulem
630 687 758 731 donis,
791 692 830 725 et
861 687 1000 735 fungar
1031 686 1137 724 inani

82 741 257 781 Munere.

316 741 383 780 Sic
415 748 494 780 tota
525 742 673 791 passim
707 742 866 791 regione
896 746 1085 789 vagantur

81 796 195 834 Aeris
226 796 266 834 in
298 797 447 846 campis
478 797 586 843 latis,
619 803 734 846 atque
767 796 898 834 omnia
929 796 1108 834 lustrant.

85 851 194 896 Quae
225 858 433 901 postquam
464 852 655 889 Anchises
686 857 820 888 natum
850 862 922 899 per
951 851 1114 899 singula·
1135 849 1256 896 duxit,

81 905 339 955 Incenditque
371 906 542 944 animum
573 907 698 943 famae
728 904 922 952 venientis
954 917 1097 949 amore,

80 960 180 997 Exin
209 960 311 998 bella
342 960 425 997 viro
457 965 649 997 memorat
679 971 778 1008 quae
809 958 953 996 deinde
985 958 1167 1006 gerenda⁷

80 1014 369 1064 Laurentisque
400 1015 515 1052 docet
544 1013 712 1064 populos
743 1013 959 1062 urbemque
988 1012 1131 1057 Latini,

81 1070 130 1107 Et
161 1082 236 1119 quo
269 1081 464 1119 quemque
494 1070 612 1106 modo
644 1067 844 1117 fugiatque
875 1068 1055 1116 seratque
1085 1067 1274 1105 laborem.

194 1125 295 1162 Sunt
324 1125 500 1174 geminae
533 1123 669 1162 Somni
701 1129 850 1173 portae,
885 1135 1046 1172 quarum
1080 1122 1201 1162 altera
1232 1123 1355 1162 fertur

82 1179 247 1226 Cornea,
281 1192 355 1229 qua
386 1179 488 1217 veris
520 1178 648 1217 facilis
681 1178 794 1216 datur
825 1178 951 1216 exitus
983 1177 1154 1225 umbris;

79 1234 211 1272 Altera
242 1234 420 1272 candenti
453 1234 626 1284 perfecta
659 1232 790 1271 nitens
823 1232 1057 1282 elephanto.

79 1289 158 1327 Sed
189 1289 287 1328 falsa
319 1289 366 1328 ad
397 1289 547 1327 caelum
578 1288 738 1326 mittunt
766 1287 962 1326 insomnia
992 1287 1140 1325 Manes.

78 1339 160 1382 Hic'
181 1343 248 1383 ubi
281 1350 362 1384 tum
394 1349 524 1382 natum
554 1343 748 1381 Anchises
778 1355 933 1392 unaque
964 1342 1153 1392 Sibyllam

77 1400 337 1449 Prosequitur
366 1399 496 1443 dictis,
527 1404 719 1448 portaque
751 1398 894 1436 emittit
924 1398 1086 1443 eburna,

76 1455 147 1493 Ille
178 1454 277 1493 viam
311 1460 416 1493 secat
446 1454 494 1492 ad
526 1454 635 1492 navis
668 1453 879 1503 sociosque
910 1453 1067 1498 revisit3

77 1510 176 1548 Tum
206 1522 249 1548 se
280 1511 327 1548 ad
359 1509 515 1548 Caietae
545 1515 651 1547 recto
684 1509 759 1546 sert
787 1508 902 1546 litore
931 1512 1101 1558 portum.

75 1565 230 1603 Ancora
251 1565 308 1610 *de
339 1577 457 1614 prora
487 1564 648 1610 iacitur;
679 1568 785 1602 stant
814 1563 928 1601 litore
959 1575 1127 1613 puppes.

77 1684 132 1720 lv,
148 1685 224 1717 369.
243 1703 283 1706 —
309 1685 340 1714 si
356 1694 424 1724 qna
442 1683 466 1722 [Σ
484 1694 555 1724 asp.
576 1694 615 1721 ν.,
641 1683 747 1713 moch-

77 1734 143 1760 test
167 1728 208 1759 du
235 1728 316 1759 (loch
343 1728 414 1758 deni
432 1728 548 1758 harten
566 1727 746 1758 Geschicke

77 1772 257 1812 entgehen!
282 1791 320 1795 —-
341 1782 446 1813 pzcrp.
473 1782 521 1812 sp.
547 1772 593 1810 ff>
619 1771 684 1810 vgl.
704 1771 743 1801 A.

74 1816 115 1852 V,
139 1818 192 1849 79.
221 1835 264 1839 —
297 1818 387 1847 aeris
412 1817 447 1845 in
473 1826 499 1845 c.
527 1816 567 1854 Is,
601 1815 682 1845 weit
715 1815 744 1844 in

77 1861 139 1892 den
164 1860 302 1898 lustigen
327 1859 448 1890 Fluren
473 1859 544 1897 (des
570 1859 742 1900 Elysium).

76 1923 120 1928 --
145 1914 210 1944 quo
245 1913 412 1945 quemque
435 1912 497 1941 m„
534 1902 597 1941 vgl.
623 1903 661 1933 A.
688 1902 740 1938 ΙΙΙ,

436 1990 496 2021 Die
530 1989 745 2029 Vorstellung

73 2047 136 2068 von
163 2036 225 2067 den
250 2037 268 2068 2
293 2034 442 2069 Thoren,
482 2034 581 2065 durch
616 2033 742 2065 welche

75 2080 127 2112 die
151 2079 294 2120 Tramite
328 2078 389 2109 aus
417 2078 468 2109 die
495 2077 665 2109 Oberwclt
689 2088 744 2117 ge-

73 2123 202 2163 langen,
232 2123 396 2154 verdankt
419 2122 512 2161 Virg.
549 2123 620 2152 deni
647 2122 738 2152 Hom.

819 1682 879 1713 Od.
894 1681 986 1717 XIX,
1006 1683 1068 1713 562
1081 1700 1103 1704 -
1118 1682 1170 1713 67.
1189 1699 1229 1704 —
1256 1691 1323 1712 rer.
1345 1682 1485 1721 umbris,

817 1727 848 1757 d.
862 1727 891 1757 h.
908 1727 968 1757 den
981 1725 1097 1757 Seelen
1110 1725 1169 1756 der
1179 1725 1481 1764 Abgesehiedenen‚

815 1770 942 1802 welche
980 1771 1021 1801 im
1045 1769 1187 1801 Traume
1224 1770 1284 1800 den
1310 1769 1486 1800 Menschen

816 1815 1018 1849 erscheffien,
1048 1814 1113 1854 vgl.
1134 1815 1172 1845 A.
1188 1813 1241 1849 IV,
1257 1814 1332 1845 386.
1362 1831 1400 1836 —
1430 1814 1486 1844 l11‘c

818 1860 884 1890 ubi.
933 1859 967 1890 In
1002 1859 1063 1889 den
1105 1858 1359 1889 Handschristen
1400 1857 1488 1888 steht

816 1903 869 1933 llis
895 1904 960 1934 ubi.
981 1921 1022 1926 —
1051 1901 1169 1933 Caieta
1194 1911 1268 1932 war
1292 1902 1365 1936 cine
1392 1901 1487 1932 stadt

814 1946 845 1976 in
879 1946 1008 1978 Latium
1043 1946 1102 1976 init
1136 1946 1240 1977 einein
1275 1945 1486 1984 ausgczeich-

814 1995 910 2021 neten
938 1991 1055 2021 Hasen.
1086 2009 1125 2013 —
1151 1993 1244 2020 reolo
1271 1989 1331 2028 lit„
1367 1989 1397 2018 in
1431 1998 1487 2028 ge-

812 2035 914 2066 rader
949 2034 1112 2073 Richtuug
1148 2044 1198 2065 am
1238 2032 1382 2064 Gestade
1416 2032 1478 2068 hin,

812 2079 876 2118 νίς-Ι.
899 2080 937 2110 Α.
959 2077 1044 2113 VIII,
1068 2080 1120 2110 57.

1514 425 1576 456 880

1510 698 1574 730 885

1509 971 1572 1002 890

1505 1242 1568 1273 895

1503 1515 1567 1546 900
