1682 2979
605 153 827 187 AENEIDOS
847 155 929 187 LIB.
951 154 1013 187 Xl.

112 266 160 307 Ut
182 279 275 306 vero
296 264 452 306 Aeneas
476 266 623 306 foribus
646 279 734 307 sese
755 265 883 305 intulit
908 265 1012 313 altis,

111 322 357 375 Ingentem„
337 321 521 362 tremitum
545 323 670 363 tunsis
692 322 737 361 ad
761 321 890 360 sidera
914 321 1051 367 tollunt

108 377 354 426 Pectoribus,
380 385 604 431 maestoque
626 376 792 429 inmugit
812 376 921 429 regia
942 376 1062 415 luctu.

109 433 211 485 Ipse,
238 440 352 486 caput
373 434 477 473 nivei
500 435 635 474 fultum
658 432 845 472 Pallantis
868 439 907 471 et
928 445 996 471 ora

110 488 160 529 Ut
181 489 277 529 vidit
297 489 452 541 levique
475 498 611 543 patens
633 490 672 529 in
696 496 852 541 pectore
873 488 1014 528 volnus

109 544 287 598 Cuspidis
307 544 521 594 Ausoniae,
546 544 717 584 lacrimis
740 544 792 584 ita
817 546 918 584 fatur
939 543 1112 584 obortis:

108 600 230 648 Tene,
255 601 395 653 inquit,
419 601 638 641 miserande
662 614 771 655 puer,
797 614 882 640 cum
904 600 1005 640 laeta
1028 599 1196 648 veniret,

57 704 72 711 υ
109 656 250 696 Invidit
270 657 445 697 Fortuna
467 658 574 706 mihi,
601 671 649 697 ne
671 670 792 710 regna
814 656 970 696 videres

105 712 267 761 Nostra,
292 726 417 765 neque
439 714 486 753 ad
509 714 622 754 sedes
643 714 772 753 victor
794 713 984 752 veherere
1006 712 1217 766 paternas?

105 767 195 808 Non
218 768 314 808 haec
335 770 519 809 Euandro
542 770 587 809 de
611 777 647 809 te
670 770 860 823 promissa
883 768 1036 822 parenti

107 823 324 865 Discedens
347 826 543 874 dederam,
570 841 656 866 cum
678 840 739 865 me
762 825 978 878 conplexus
1001 830 1157 864 euntem
1311 876 1313 878 Ι

105 879 284 919 Mitteret
304 881 342 920 in
365 895 545 934 magnum
569 882 779 934 inperium,
803 888 1058 932 metuensque
1080 886 1257 933 moneret

106 936 218 975 Acris
242 950 332 976 esse
355 937 478 984 viros,
505 952 589 977 cum
614 938 708 976 dura
731 937 923 990 proelia„
903 943 1032 976 ⁰ente.

106 990 157 1030 Et
177 1005 280 1031 nunc
302 991 368 1032 ille
390 992 542 1044 quidem
567 1006 634 1046 spe
656 993 819 1033 multum
843 1001 974 1046 captus
996 991 1103 1032 inani

105 1045 204 1087 Fors
227 1055 265 1087 et
286 1055 380 1088 vota
402 1050 506 1097 facit,
537 1049 784 1102 cumulatque
806 1049 946 1089 altaria
968 1048 1102 1097 donis3

102 1102 218 1142 Nos
208 1116 389 1144 iuvenem
408 1105 633 1145 exanimum
657 1112 695 1144 et
717 1105 802 1144 nil
792 1119 868 1145 13111
891 1104 1123 1145 caelestibus
1146 1098 1234 1143 ullis

103 1159 318 1199 Debentem
342 1174 444 1200 vano
467 1161 606 1201 maesti
630 1162 861 1200 comitamur
883 1161 1048 1201 honore.

105 1214 261 1264 Infelix,
288 1216 367 1256 nati
390 1217 503 1256 funus
525 1218 680 1257 crudele
701 1217 879 1257 videbis!

104 1270 151 1309 Hi
173 1271 300 1311 nostri
322 1272 488 1323 reditus,
514 1273 812 1326 exspectatique
835 1271 1050 1325 triumphi?

103 1326 207 1367 Haec
228 1341 315 1367 mea
338 1342 477 1382 magna
498 1329 619 1368 fides?
658 1328 709 1368 At
728 1343 823 1377 non,
848 1328 1047 1376 Euandre,
1073 1327 1262 1380 pudendis

100 1382 340 1423 Volneribus
362 1386 515 1438 pulsum
538 1384 732 1438 aspicies·
723 1415 732 1432 ,
767 1398 839 1424 nec
860 1385 1008 1438 sospite
1032 1384 1157 1423 dirum

102 1437 260 1492 Optabis
284 1447 373 1479 nato
397 1441 512 1481 funus
534 1448 659 1494 pater.
705 1441 777 1480 Hei
798 1440 908 1490 mihi,
933 1447 1118 1493 quantum

100 1494 342 1535 Praesidium
365 1497 542 1537 Ausonia
563 1505 602 1537 et
623 1504 806 1549 quantum
832 1504 871 1535 tu
895 1472 1039 1549 perdis,
1066 1495 1169 1535 Iule!

215 1551 321 1591 Haec
342 1552 407 1592 ubi
430 1553 601 1602 deflevit,
625 1553 710 1592 tolli
732 1553 956 1592 miserabile
978 1565 1120 1604 corpus

101 1606 273 1670 Inperat3
298 1613 337 1646 et
358 1614 441 1648 toto
464 1609 587 1648 lectos
610 1622 663 1648 ex
684 1608 839 1671 agmine
862 1608 980 1647 mittit

100 1661 208 1702 Mille
230 1662 354 1711 viros,
381 1665 443 1716 qui
466 1678 688 1717 supremum
713 1664 946 1703 comitentur
968 1663 1173 1712 honorem,

101 1717 367 1771 intersintque
389 1720 511 1783 patris
533 1720 717 1769 lacrimis,
743 1720 881 1760 solatia
903 1719 1030 1760 luctus

100 1773 256 1827 Exigua
279 1774 467 1827 ingentis,
493 1777 635 1817 misero
659 1776 725 1815 sed
749 1776 877 1815 debita
900 1775 1015 1829 patri.

101 1829 210 1870 Haud
233 1844 374 1884 segnes
397 1832 463 1872 alii
486 1833 605 1872 cratis
627 1839 666 1872 et
687 1832 802 1872 molle
824 1834 1012 1872 feretrum

99 1974 141 2012 V,
171 1975 344 2007 713-15
378 1974 444 2005 und
472 1974 533 2015 lx,
561 1975 625 2006 217
653 1986 765 2007 waren

101 2030 165 2052 nur
183 2021 237 2052 die
256 2020 386 2051 iilteren
403 2018 534 2051 Frauen
554 2021 614 2051 mit
633 2020 769 2052 alleini-

100 2075 162 2105 ger
178 2066 372 2097 Ausnahme
400 2065 461 2096 der
476 2063 604 2096 Mutter
623 2066 681 2097 des
701 2066 770 2097 Eu-

100 2110 217 2153 ryalus
246 2111 279 2141 111
300 2110 437 2142 Sicilien
458 2110 763 2150 zuriickgelassen.

100 2173 144 2178 —
161 2157 233 2196 ing.
252 2165 345 2196 gem.
368 2155 444 2186 toll.
471 2154 667 2196 Liv.1‚292
689 2166 768 2187 con-

101 2203 242 2241 spectus
268 2200 425 2232 aliorum
458 2203 584 2231 mutua
618 2203 767 2232 misera-

103 2247 201 2277 tione
219 2246 427 2287 integrabat
445 2244 625 2277 laet-imas.
638 2263 682 2268 ——
701 2247 771 2277 levi

101 2293 136 2322 in
151 2293 262 2331 peel„
285 2300 326 2321 an
347 2291 409 2322 der
427 2295 547 2321 zarten
571 2291 684 2322 Brust.

146 2345 180 2366 v.
201 2335 363 2367 42—58.
406 2337 503 2366 mitt.
532 2338 569 2366 z'n
597 2346 644 2367 m.
677 2338 767 2377 inp„

103 2380 136 2411 (1.
157 2380 190 2411 h.
211 2390 265 2412 um
284 2381 339 2412 ein
358 2390 497 2419 grosses
518 2379 620 2412 Reich
650 2391 690 2412 zu
718 2391 771 2412 er-

103 2425 265 2463 werben;
310 2435 479 2466 magnum
515 2427 690 2466 inperium
726 2427 771 2457 ist

105 2470 181 2501 hier
214 2470 393 2508 dasselhe,
435 2479 505 2501 was
540 2472 623 2502 oben
659 2482 690 2502 v.
727 2471 769 2502 43

106 2515 211 2546 durch
255 2525 365 2556 regna
398 2520 524 2547 nostra
569 2516 773 2547 bezeichnet

107 2569 190 2591 war.
210 2578 253 2583 --
271 2562 389 2592 nostri
404 2561 495 2598 red„
526 2561 558 2592 d.
580 2561 612 2592 11.
635 2561 687 2592 die
707 2572 770 2592 von

1435 158 1513 195 155

837 1987 900 2007 uns
919 1976 1143 2008 verheissene
1158 1975 1353 2007 Riickkehr.
1374 1990 1417 1995 ——
1437 1985 1504 2006 non

831 2021 920 2063 pud.
950 2021 1043 2052 volu.
1069 2021 1166 2061 puls.
1194 2031 1296 2062 a.§·])·,
1336 2021 1366 2050 d.
1395 2019 1427 2050 h.
1464 2020 1504 2051 du

836 2067 934 2098 wir-st
953 2066 1044 2097 nicht
1062 2066 1181 2102 seben,
1210 2066 1290 2096 dass
1311 2075 1348 2096 er
1366 2064 1429 2096 auf
1445 2066 1506 2096 der

837 2111 963 2143 Flucht
981 2110 1141 2142 &Vuuden
1173 2111 1214 2141 im
1235 2110 1374 2141 Riicken
1394 2110 1506 2141 erbal-

839 2162 894 2188 ten
922 2158 990 2188 hat.
1013 2174 1057 2178 —
1087 2166 1149 2186 nee
1166 2165 1261 2195 sosp.
1282 2155 1352 2186 dir.
1375 2158 1448 2195 opt.
1469 2166 1503 2186 71.

827 2202 882 2244 s.,
912 2202 944 2232 d.
973 2202 1004 2233 11.
1034 2201 1077 2231 du
1103 2201 1201 2231 wirst
1225 2200 1324 2231 keine
1353 2199 1503 2232 Ursaehe

839 2247 963 2285 haben,
995 2246 1048 2276 dir
1067 2246 1129 2276 den
1151 2244 1222 2276 Tod
1244 2255 1285 2276 zu
1305 2245 1502 2282 wiinschen‚

840 2292 917 2323 weil
939 2292 1016 2322 dein
1039 2290 1128 2321 Sohn
1149 2289 1252 2320 durch
1273 2290 1504 2331 schimpssiehe

1534 498 1576 529 40

1533 776 1576 806 45

1534 1054 1575 1085 50

1533 1335 1573 1365 55

1531 1614 1572 1644 60

839 2336 964 2368 Flucht
998 2336 1069 2366 sein
1099 2334 1214 2366 Leben
1249 2340 1401 2374 gereltet
1435 2335 1505 2366 hat.
1548 2354 1555 2362 κ

840 2382 956 2412 dirum
979 2385 1083 2411 nennt
1102 2390 1138 2411 er
1158 2381 1255 2410 einen
1277 2380 1414 2411 solchen
1433 2379 1503 2411 Tod

840 2437 957 2466 wegen
980 2426 1039 2456 der
1058 2425 1112 2456 ihn
1132 2425 1422 2456 veranlassenden
1445 2423 1506 2456 Ur-

842 2472 958 2503 sache.

887 2527 918 2547 v.
941 2515 1087 2546 59-71,
1116 2513 1376 2556 Dasferelrmn
1397 2515 1506 2546 heisst

841 2561 962 2601 molle,
992 2561 1070 2591 weil
1100 2570 1135 2592 es
1164 2570 1224 2592 aus
1244 2559 1419 2592 Gessechte
1448 2560 1505 2591 be-
