1682 2979
616 159 835 193 AENEIDOS
853 160 933 192 [ΑΒ.
954 158 1024 192 vll.
1464 159 1512 197 15

137 277 330 317 Inmanem
352 273 555 327 Lapithum
575 271 723 321 valuit3
748 271 943 311 concessit
963 272 1003 311 in
1025 272 1104 312 iras
1140 281 1148 290 ·

138 334 220 387 lpse
243 332 354 371 deum
376 330 570 383 antiquam
592 329 743 381 genitor
765 328 962 382 Calydona
983 328 1150 377 Dianae3
1312 360 1317 364 .

139 387 244 440 Quod
266 388 393 428 scelus
415 393 481 426 aut
501 385 682 438 Lapithas
702 391 847 424 tantum
861 414 872 432 ‚
897 391 964 424 aut
985 384 1181 438 Calydona
1204 384 1446 425 merentem?

136 445 208 485 Ast
228 457 299 498 ego
313 475 323 493 ‚
347 456 484 497 magna
507 441 610 482 Iovis
634 442 807 481 coniunx
829 441 883 480 nil
903 441 1079 493 linquere
1100 441 1276 480 inausum

137 501 243 552 Quae
264 501 368 555 potui
389 499 526 539 infelix
541 529 551 547 ‚
576 511 674 551 quae
695 505 838 537 memet
857 498 897 537 in
917 498 1046 537 onmia
1068 498 1184 546 verti,

135 557 281 597 Vincor
302 558 347 596 ab
367 554 515 596 Aenea.
551 554 657 605 Quod
681 555 713 594 si
735 568 818 594 mea
843 554 1000 594 numina
1023 567 1100 593 non
1122 560 1213 594 sunt

134 615 274 666 Magna
288 613 397 661 satis,
422 613 586 652 dubitem
611 612 709 651 haud
733 611 908 664 equidem
931 610 1129 664 inplorare
1151 611 1248 663 quod
1273 624 1428 664 usquam
1444 617 1517 650 est.

136 669 310 710 Flectere
333 670 363 710 si
385 682 534 722 nequeo
557 668 749 721 Superos,
773 667 996 707 Acheronta
1020 667 1198 707 movebo.

135 726 223 767 Non
245 726 396 766 dabitur
415 725 547 779 regnis
561 755 571 773 ,
596 731 679 764 esto
695 755 704 772 ,
729 723 935 777 prohibere
955 724 1124 771 Latinis,

135 782 260 834 Atque
282 783 424 822 inmota
448 788 579 821 manet
599 781 687 822 fatis
709 780 873 820 Lavinia
897 780 1090 820 coniunx:

136 838 188 878 At
208 839 364 878 trahere
382 869 390 887 ‚
416 845 529 891 atque
551 852 680 877 moras
701 837 820 877 tantis
842 837 934 876 licet
955 837 1095 876 addere
1116 835 1257 885 rehu53

136 894 187 934 At
207 896 297 936 licet
318 895 516 935 amborum
538 893 698 946 populos
722 893 953 932 exscindere
974 905 1126 944 regum.

137 951 216 990 Hac
237 964 358 1003 gener
381 957 493 1001 atque
515 962 630 989 socer
649 954 790 987 coeant
810 949 986 988 mercede
1007 963 1182 988 suorum.

137 1005 329 1059 Sanguine
352 1005 523 1044 Troiano
546 1011 585 1044 et
605 1004 745 1044 Rutulo
768 1004 972 1052 dotabere,
997 1004 1126 1058 virgo,

135 1062 183 1100 Et
203 1062 362 1101 Bellona
382 1069 512 1101 manet
532 1067 570 1100 te
592 1060 780 1114 pronuba.
812 1060 895 1100 Nec
919 1061 1001 1100 face
1023 1067 1172 1101 tantum

138 1118 282 1159 Cisseis
304 1132 522 1171 praegnans
544 1117 645 1170 ignis
669 1117 786 1157 enixa
808 1117 972 1171 iugali53

138 1175 236 1226 Quin
257 1175 357 1214 idem
379 1173 521 1214 Veneri
544 1181 675 1227 partus
697 1188 791 1214 suus
814 1181 854 1217 et
873 1174 984 1215 Paris
1007 1174 1121 1222 alter,

138 1232 410 1284 Funestaeque
432 1231 570 1270 iterum
592 1230 760 1270 recidiva
780 1231 818 1270 in
840 1230 1029 1284 Pergama
1051 1230 1202 1270 taedae.

248 1287 351 1327 Haec
373 1287 435 1327 ubi
457 1287 559 1327 dicta
581 1286 706 1335 dedit,
732 1293 857 1327 terras
880 1287 1076 1327 horrenda
1097 1287 1256 1341 petivit3

136 1344 358 1384 Luctificam
378 1343 528 1384 Allecto
550 1343 718 1384 dirarum
741 1344 788 1384 ab
810 1345 901 1384 sede
926 1345 1082 1384 dearum

138 1400 380 1453 Infernisque
402 1401 474 1441 ciet
494 1400 690 1448 tenebris,
716 1401 777 1441 cui
799 1401 924 1441 tristia
948 1401 1048 1441 bella

138 1457 298 1511 Iraeque
319 1457 557 1510 insidiaeque
579 1464 617 1498 et
639 1457 797 1497 crimina
820 1457 938 1497 noxia
962 1458 1082 1497 cordi.

139 1513 226 1553 Odit
248 1521 286 1554 et
305 1514 387 1567 ipse
410 1521 519 1567 pater
540 1514 702 1563 Pluton,
727 1514 844 1553 odere
866 1528 1023 1554 sorores

140 1658 249 1691 Zorne
281 1661 365 1692 iiber
398 1660 490 1692 diese
517 1659 799 1700 Zuriicksetzung

142 1710 276 1746 erregte
304 1705 394 1737 Mars
423 1705 486 1736 den
506 1704 669 1747 Lapithen
700 1705 796 1737 einen

140 1749 244 1791 Hrieg
261 1751 321 1782 mit
339 1751 401 1782 den
415 1750 620 1791 Centaurea,
641 1751 724 1782 iiber
735 1752 796 1783 den

140 1806 170 1827 z.
199 1795 237 1827 G.
266 1795 315 1836 Il,
345 1797 408 1827 457
434 1797 641 1838 gesprochen
671 1797 727 1828 ist.
753 1814 798 1820 —-

142 1844 213 1881 ipse
232 1841 265 1873 d.
290 1851 369 1883 gen.
404 1841 534 1883 Jupiter
557 1842 619 1881 gab
647 1841 700 1873 die
726 1843 798 1873 {ito-

139 1886 245 1917 lische
257 1886 525 1929 Stadffialydon,
543 1887 672 1918 welche
691 1887 794 1920 d-urch

138 1931 298 1963 ihrAlter
316 1931 399 1963 doch
413 1932 794 1973 Schonungverdiente‚

139 1977 198 2008 der
222 1977 326 2008 durch
353 1978 428 2009 eine
453 1987 528 2008 vom
548 1976 680 2008 Oeneus
701 1978 797 2009 erlit-

138 2027 215 2054 tene
242 2020 425 2062 Hr'ankuug
455 2022 658 2054 erbitterten
687 2022 796 2054 Diana

140 2067 257 2107 Preis,
285 2078 312 2099 s.
341 2067 436 2099 Hom.
467 2067 504 2099 11.
536 2067 596 2107 IX,
628 2068 794 2100 529—99.

139 2112 236 2144 Ovid.
256 2118 335 2144 met.
356 2112 445 2153 vlu,
465 2114 653 2145 270—544.
667 2132 709 2137 —
731 2114 798 2146 Ca-

139 2157 271 2201 lydona
312 2163 513 2190 merentem.
568 2158 629 2191 Die
668 2160 793 2192 Aecus.

141 2203 270 2243 utingen
297 2215 359 2236 von
389 2205 460 2236 dem
489 2204 688 2245 vorbergeh.
719 2216 794 2237 con-

138 2251 246 2281 cessit
260 2250 322 2286 ab,
346 2250 431 2280 deun
452 2250 511 2281 der
529 2260 634 2290 ganze
655 2249 734 2282 Satz
752 2252 796 2282 ist

86 2331 90 2336 ι
138 2296 438 2336 appositionsartig
477 2306 551 2327 zum
583 2295 794 2337 Vorhergeb.

141 2339 370 2380 hinzugeffigt.
397 2341 510 2372 scelus
526 2351 670 2380 merere,
687 2341 795 2374 'einen

141 2383 262 2415 Frevel
298 2386 544 2427 verschulden,
580 2387 645 2428 vgl.
679 2386 794 2420 Valer.

141 2428 189 2460 Fl.
210 2428 295 2470 Vlll,
315 2431 397 2462 447:
417 2442 483 2463 non
501 2435 617 2464 merui
632 2437 796 2465 mortem-

141 2484 205 2515 que
224 2478 320 2506 tuam
339 2479 572 2519 comitumque
591 2482 730 2511 tuorum
744 2482 760 2511 ?

185 2541 218 2561 v.
239 2531 403 2564 308-22.
436 2537 549 2575 potui,
575 2545 604 2566 s.
625 2546 655 2568 z.
676 2534 715 2568 G.
736 2535 793 2576 III,

89 2602 91 2605 .
143 2576 219 2608 453,
239 2594 282 2599 —-
300 2577 366 2608 ltac-
383 2582 506 2610 coeant
523 2589 617 2611 merc
634 2592 678 2622 3.,
707 2582 739 2612 d.
759 2581 791 2612 h.

867 1671 918 1691 um
939 1660 1055 1692 diesen
1071 1659 1167 1692 Preis
1194 1660 1254 1691 der
1271 1659 1404 1701 lhrigen
1430 1661 1524 1700 miige

868 1706 920 1737 die
946 1704 1167 1746 Verbindung
1199 1716 1240 1736 zu
1274 1705 1400 1738 Stande
1435 1705 1526 1737 kom-

866 1761 953 1783 men.
975 1770 1018 1775 —
1033 1752 1206 1793 pronuba.
1235 1750 1459 1783 Ehestifterin
1480 1751 1525 1783 ist

867 1802 962 1828 sonst
981 1797 1034 1828 die
1052 1796 1150 1836 June,
1172 1807 1200 1828 s.
1215 1797 1255 1833 A,
1277 1795 1334 1836 lV,
1356 1797 1432 1837 166,
1452 1797 1526 1828 hier

866 1843 949 1874 aber
967 1842 1038 1874 will
1056 1843 1105 1874 sie
1129 1841 1184 1874 fiir
1202 1842 1265 1873 den
1285 1842 1523 1882 vorliegenden

865 1887 938 1919 Fau
965 1888 1076 1921 dieses
1102 1887 1180 1920 Amt
1205 1888 1264 1919 der
1290 1885 1522 1928 Kriegsgiittin

866 1933 1035 1965 abtreten.
1054 1951 1098 1956 —-
1125 1933 1272 1972 Cisseis,
1300 1943 1327 1964 s.
1354 1944 1386 1964 z.
1415 1933 1451 1964 A.
1482 1932 1522 1973 V,

866 1978 942 2010 537.
971 1977 1033 2011 Mit
1045 1979 1156 2019 Bezug
1173 1977 1237 2009 aus
1251 1978 1311 2010 den
1331 1979 1522 2010 bekannten

865 2023 988 2055 Traum
1032 2025 1093 2055 der
1134 2023 1270 2056 Hecuba
1311 2029 1387 2064 sagt
1418 2023 1523 2055 Juno:

864 2067 965 2102 Nicht
976 2069 1111 2102 Hecuba
1125 2070 1227 2101 allein
1241 2069 1306 2101 soll
1324 2071 1422 2101 einen
1435 2069 1524 2101 Sohn

865 2116 1013 2156 gehoren
1041 2115 1174 2156 haben,
1194 2116 1271 2147 ·der
1297 2115 1400 2147 durch
1430 2116 1523 2147 seine

865 2161 1018 2193 eheliche
1037 2160 1258 2202 Verbindung
1283 2161 1398 2202 (ignes
1415 2161 1526 2202 juga-

865 2207 926 2247 les)
946 2205 1203 2247 Veranlassung
1220 2217 1281 2244 zur
1299 2205 1526 2247 Verwiistung

865 2252 978 2284 seines
1005 2252 1229 2283 Vaterlandes
1256 2252 1437 2292 geworden
1464 2253 1522 2292 ist,

865 2298 1008 2329 sondern
1041 2298 1124 2328 auch
1153 2296 1267 2328 Venus
1293 2297 1358 2329 soll
1391 2297 1423 2328 in
1450 2297 1523 2329 dem

865 2339 997 2375 Aeneas
1040 2343 1138 2374 einen
1178 2342 1357 2374 iihnlichen
1398 2341 1524 2374 Fener-

864 2389 970 2420 brand
990 2389 1054 2419 und
1075 2389 1171 2419 einen
1192 2388 1337 2419 zweiten
1353 2387 1450 2420 Paris
1469 2387 1524 2420 fiir

866 2435 927 2466 das
947 2444 1030 2465 neue
1050 2433 1154 2475 Trojaei
1173 2433 1318 2473 geboren
1339 2433 1460 2465 haben.
1479 2452 1524 2457 -—·

864 2479 971 2511 rect‘d.
994 2479 1114 2521 Perga,
1133 2479 1199 2520 vgl.
1221 2478 1261 2511 A.
1283 2478 1341 2519 lV,
1362 2479 1439 2510 344.

907 2547 941 2567 v.
963 2536 1130 2568 323—40.
1159 2536 1294 2568 dinab.
1315 2546 1343 2567 s.
1363 2536 1521 2568 dearum.

865 2581 976 2614 Ueber
1001 2582 1054 2614 die
1080 2582 1171 2614 Sitze
1198 2582 1258 2614 der
1281 2581 1406 2614 Furien
1433 2592 1459 2614 s.
1490 2593 1521 2614 z.

1536 276 1597 309 305

1537 558 1600 591 310

1540 841 1602 873 315

1543 1123 1606 1155 320

1543 1407 1606 1439 325
