1682 2979
553 144 776 178 AENElDOS
793 145 877 179 LlB.
898 145 959 178 Xl.

1373 149 1451 188 189

49 255 229 295 Cultores
254 255 374 295 multa
397 256 607 308 premimus
630 256 798 309 vestigia
820 270 959 309 pruna,

49 311 118 358 Da,
142 311 275 359 Pater,
300 310 372 350 hoc
393 312 538 351 nostris
561 311 708 352 aboleri
730 312 898 351 dedecus
920 312 1054 360 armis,

49 366 318 419 Omnipotens.
361 366 450 407 Non
473 367 639 407 exuvias
661 368 846 420 pulsaeve
867 373 1068 418 tropaeum

46 421 239 475 Virginis,
262 429 330 462 aut
351 422 473 474 spolia
495 423 572 462 ulla
595 429 707 475 peto,
741 421 833 461 mihi
856 429 988 462 cetera
1009 422 1159 462 laudem

46 477 167 517 Facta
187 479 339 526 ferent,
376 478 471 517 haec
492 478 574 517 dira
596 491 683 517 meo
705 477 793 516 dum
815 478 978 517 volnere
1002 479 1120 530 pestis

45 533 161 572 Pulsa
185 534 311 581 cadat,
337 533 481 586 patrias
501 533 684 572 remeabo
706 533 899 586 inglorius
922 534 1055 575 urbes.

44 588 179 628 Audiit
200 595 238 628 et
258 589 339 628 voti
360 589 538 629 Phoebus
560 589 772 629 succedere
795 596 942 641 partem

45 645 178 683 Mente
199 644 317 693 dedit,
350 651 496 697 partem
519 644 692 684 volucris
713 644 898 697 dispersit
918 646 956 685 in
979 659 1120 685 auras:

45 699 248 739 Sterneret
270 707 312 740 ut
333 700 461 740 subita
482 700 674 740 turbatam
698 708 821 740 morte
844 701 1060 750 Camillam,

42 755 189 795 Adnuit
209 756 363 806 oranti,
396 756 580 796 reducem
603 764 643 797 ut
666 757 793 809 patria
814 757 892 796 alta
913 757 1082 805 videret,

42 810 130 850 Non
153 812 278 861 dedit3
312 812 430 865 inque
453 819 568 852 notos
589 826 724 852 vocem
748 820 906 852 vertere
928 813 1139 866 procellae.

42 866 163 920 Ergo,
190 868 250 906 ubi
275 867 396 908 missa
417 882 532 907 manu
555 868 725 908 sonitum
747 868 853 907 dedit
874 869 983 909 hasta
1008 883 1077 922 per
1098 883 1232 917 auras,

44 921 288 963 Convertere
311 923 461 963 animos
484 924 587 963 acris
611 923 823 975 oculosque
848 924 974 964 tulere

42 977 180 1018 Cuncti
205 980 249 1018 ad
273 979 449 1032 reginam
470 978 618 1019 Volsci.
661 979 768 1019 Nihil
789 979 871 1032 ipsa
895 993 966 1019 nec
989 994 1108 1020 aurae

39 1033 121 1073 Nee
144 1035 297 1074 sonitus
319 1048 470 1074 memor
491 1042 558 1075 aut
580 1035 774 1076 venientis
796 1035 843 1075 ab
865 1036 1024 1075 aethere
1048 1037 1128 1083 teli,

42 1089 162 1130 Hasta
184 1090 253 1129 suh
277 1097 474 1130 exsertam
497 1091 622 1131 donec
643 1092 792 1144 perlata
816 1091 994 1144 papillam

42 1145 192 1193 Haesit,
219 1147 518 1199 virgineumque
541 1147 618 1186 alte
640 1147 737 1187 bibit
756 1155 842 1187 acta
864 1161 1060 1186 cruorem.

40 1200 289 1241 Concurrunt
312 1203 485 1255 trepidae
507 1203 684 1250 comites,
709 1203 982 1254 dominamque
1003 1210 1182 1241 ruentem

40 1256 279 1310 Suscipiunt.
324 1258 440 1311 Fugit
461 1265 551 1298 ante
573 1258 700 1298 omnis
722 1258 939 1298 exterritus
961 1258 1133 1305 Arruns,

37 1313 207 1353 Laetitia
228 1314 428 1366 mixtoque
448 1321 567 1362 metu,
597 1327 669 1353 nec
688 1314 764 1353 iam
787 1315 952 1367 amplius
975 1314 1110 1353 hastae

39 1368 227 1417 Credere,
252 1383 322 1409 nec
344 1370 434 1410 telis
456 1383 665 1410 occurrere
687 1369 856 1422 virginis
879 1369 1008 1410 audet.

37 1426 96 1464 Ac
117 1425 224 1464 velut
245 1425 327 1474 ille,
353 1426 460 1478 prius
484 1440 599 1478 quam
620 1426 698 1466 tela
719 1425 878 1465 inimica
902 1431 1132 1478 sequantur,

40 1480 236 1521 Continuo
262 1481 302 1520 in
326 1483 467 1521 montis
489 1495 578 1522 sese
600 1482 710 1521 avius
733 1481 879 1520 abdidit
900 1481 1000 1521 altos

39 1536 177 1576 Occiso
200 1544 356 1589 pastore
377 1537 489 1590 lupus
513 1550 706 1589 magnove
731 1537 917 1586 iuvenco,

39 1592 232 1633 Conscius
253 1592 409 1632 audacis
433 1593 539 1641 facti,
568 1593 807 1645 caudamque
829 1591 1049 1632 remulcens

39 1648 213 1687 Subiecit
235 1648 471 1700 pavitantem
495 1655 624 1697 utero,
649 1649 846 1700 silvasque
868 1647 1028 1701 petivit:

39 1704 147 1743 Haud
172 1718 284 1744 secus
307 1717 358 1743 ex
380 1704 502 1744 oculis
525 1718 567 1743 se
592 1704 767 1743 turbidus
789 1704 950 1744 abstulit
970 1702 1142 1751 Arruns,

42 1760 336 1812 Contentusque
358 1761 446 1813 fuga
469 1760 605 1799 mediis
629 1772 671 1799 se
692 1759 888 1799 inmiscuit
912 1758 1048 1799 armis.

38 1873 117 1904 463.
146 1890 188 1894 —
214 1873 368 1913 inglor„
402 1873 434 1903 d.
464 1873 497 1903 h.
526 1873 613 1903 ohne
641 1874 704 1904 den

38 1917 146 1949 Ruhm
166 1927 228 1948 von
257 1918 410 1949 dieser
428 1916 518 1948 That
535 1928 576 1948 zu
597 1918 704 1948 baben

39 1963 143 2003 (deun
173 1963 264 1993 mihi
288 1966 404 1993 cetera
433 1962 574 1993 laudem
597 1963 706 2003 facta

29 2008 187 2049 ferent).
215 2025 258 2030 -—
286 2006 349 2038 Mit
374 2017 406 2037 v.
436 2006 609 2038 794—93
637 2007 704 2046 vgl.

40 2052 137 2083 Hom.
166 2051 206 2083 ll.
237 2050 332 2092 XVI,
352 2051 537 2083 249—52.
565 2069 608 2073 —
638 2052 704 2083 vol.

40 2097 128 2138 disp.
151 2099 186 2128 in
213 2106 308 2135 amn,
335 2097 404 2137 vgl.
424 2097 464 2128 Α.
485 2095 544 2136 lx,
564 2096 642 2127 313.
679 2116 704 2119 -v

45 2142 141 2172 turb.
170 2141 241 2172 Der
259 2141 422 2172 tfidtliche
443 2141 528 2172 Pfeil
548 2142 708 2172 verwirrt

41 2187 199 2228 (tm-bat)
227 2186 281 2217 die
299 2185 456 2225 Camilla,
486 2185 642 2216 insosern
669 2196 707 2216 er

41 2232 90 2262 sie
117 2231 280 2272 plo‘tzlich
301 2240 362 2261 aus
382 2231 474 2262 ihrer
491 2240 622 2270 ganzen
644 2229 707 2261 Ge-

43 2275 274 2307 dankenreihe
325 2276 402 2314 (aus
453 2276 524 2306 dem
577 2275 709 2306 leiden-

43 2320 271 2352 schaftlichen
302 2319 503 2359 Wnnsche,
540 2319 612 2350 sich
648 2320 708 2350 der

44 2365 199 2405 Riistung
225 2365 284 2396 des
303 2365 469 2396 Chloreus
491 2375 531 2395 zu
552 2365 708 2396 bemiich-

43 2412 152 2449 tigeu)
163 2410 406 2441 herausreisst.
421 2427 460 2432 —
479 2412 602 2450 patria
617 2409 705 2448 olla,

46 2455 78 2486 d.
101 2455 131 2486 h.
155 2455 216 2486 der
234 2455 319 2494 Ber-g
337 2455 493 2486 Soracte.

90 2509 122 2530 v.
146 2499 350 2530 799—815.
378 2511 440 2531 nec
457 2509 566 2531 aurae
585 2500 630 2530 ist
648 2500 709 2530 mit

47 2545 163 2585 Bezug
187 2544 250 2575 aul*
265 2545 325 2575 das
343 2545 543 2585 vot-hergeh.
559 2554 626 2585 per
644 2554 705 2574 au-

778 1883 840 1903 ras
873 1876 1006 1912 gesagt,
1044 1871 1110 1910 vgl.
1147 1869 1232 1900 auch
1268 1872 1372 1898 unten
1406 1877 1437 1898 v.

778 1917 856 1948 863.
888 1935 925 1939 -—
954 1917 997 1946 ab
1015 1916 1127 1952 aelli„
1155 1924 1182 1945 s.
1204 1924 1236 1944 z.
1255 1913 1295 1943 A.
1317 1911 1342 1948 I,
1363 1912 1440 1942 547.

777 1979 818 1984 —
839 1961 900 1991 Die
914 1960 1035 1990 Worte
1054 1961 1138 1990 ante
1156 1959 1272 1989 omnis
1291 1956 1366 1987 sind
1384 1957 1443 1986 mit

776 2007 980 2036 emer-ritus
1007 2014 1048 2035 zu
1075 2002 1276 2034 verbinden.
1303 2018 1348 2023 —
1381 2010 1444 2031 nee

778 2051 840 2082 tel.
863 2059 936 2081 occ.
960 2051 1051 2090 virg.
1072 2047 1156 2079 aud.
1201 2046 1363 2077 Servius:
1393 2048 1443 2076 sle

777 2098 855 2126 erat
873 2097 1138 2132 consternatus,
1167 2095 1209 2123 ut
1233 2093 1341 2122 etiam
1370 2090 1442 2120 vul—

777 2143 941 2172 neratam
961 2142 1119 2170 timeret.
1139 2155 1183 2159 --
1203 2137 1276 2173 ille,
1297 2146 1325 2168 s.
1348 2145 1380 2166 z.
1400 2135 1440 2166 A.

776 2184 822 2225 X,
851 2185 929 2215 707.
972 2182 1036 2215 Mit
1060 2183 1123 2214 den
1153 2181 1235 2220 solg.
1263 2181 1281 2211 5
1310 2179 1441 2211 Verseu

776 2230 842 2269 vgl.
882 2229 978 2260 Hom.
1005 2228 1044 2259 Il.
1080 2226 1156 2267 XV,
1187 2224 1372 2257 586—89.
1398 2241 1444 2246 —

778 2274 880 2306 caud.
900 2275 1029 2315 pavit„
1058 2272 1130 2312 vgl.
1150 2271 1234 2302 oben
1255 2280 1288 2301 z.
1308 2279 1340 2300 v.
1362 2269 1439 2300 654.

778 2337 818 2342 —
848 2321 1004 2350 content.
1023 2317 1142 2358 suga,
1180 2317 1247 2356 eig.
1276 2319 1444 2356 gespannt

778 2365 881 2395 durch
912 2363 967 2393 die
995 2361 1116 2393 Flucht
1142 2361 1212 2400 (die
1239 2359 1377 2398 Flucht,
1408 2359 1441 2389 d.

778 2410 810 2440 h.
841 2409 902 2439 der
927 2406 1091 2439 Gedanke
1122 2417 1166 2438 zu
1199 2405 1347 2444 wellen,
1388 2404 1443 2434 be-

778 2453 938 2485 herrscht
956 2453 1012 2482 ibn
1032 2452 1150 2492 ganz),
1170 2450 1294 2482 daher:
1317 2449 1350 2480 in
1370 2448 1444 2479 eili-

777 2508 838 2537 ger
864 2497 999 2538 Flucht,
1028 2496 1097 2536 vgl.
1126 2495 1225 2527 Ovid.
1257 2499 1336 2525 met.
1363 2491 1440 2533 XV,

778 2543 842 2573 515
858 2554 865 2573 :
888 2552 984 2573 mens
1002 2541 1146 2572 emsile‘z's
1165 2542 1333 2572 contenta
1352 2541 1439 2570 suis.

1472 657 1529 688 ¹95

1464 932 1528 963 800

1461 1208 1524 1240 805

1461 1486 1525 1518 810

1460 1763 1524 1793 815
