1682 2979
180 166 260 204 ‘222
657 164 690 197 P.
710 163 872 196 VlRGlLl
893 163 1089 198 MARONtS

177 277 371 328 Multaque
393 289 435 317 se
457 276 624 324 incusat,
644 276 705 329 qui
730 290 807 317 non
829 277 1021 330 acceperit
1042 284 1132 318 ante

178 333 409 372 Dardanium
430 331 604 381 Aenean,
630 346 891 386 generumque
912 333 1123 373 adsciverit
1143 333 1258 374 ultro.

290 388 442 429 Interea
463 397 643 430 extremo
665 390 829 430 bellator
849 391 886 429 iu
909 403 1078 442 aequore
1099 390 1256 431 Turnus

95 453 158 483 615
181 445 350 486 Palantis
372 446 549 498 sequitur
569 460 712 499 paucos
734 447 809 486 iam
832 447 1005 500 segnior,
1030 453 1144 499 atque

181 501 255 541 Iam
279 501 406 543 minus
428 509 541 555 atque
563 503 690 543 minus
712 516 898 543 successu
920 503 1042 543 laetus
1065 516 1265 556 equorum.

180 557 321 598 Attulit
343 558 442 599 huno
462 558 517 597 illi
542 559 669 598 caecis
691 559 908 599 terroribus
930 573 1025 599 aura

182 613 444 654 commixtum
471 615 696 663 clamorem,
721 622 971 667 arrectasque
993 616 1132 668 inpulit
1151 617 1255 656 auris

183 671 377 711 Confusae
399 685 520 711 sonus
543 670 647 710 urbis
669 677 708 710 et
729 671 953 710 inlaetabile
975 685 1161 710 murmur.

97 734 161 766 620
185 727 254 767 Hei
277 727 392 767 mibi!
428 726 514 780 quid
538 734 646 767 tanto
668 727 872 766 turbantur
892 727 1045 766 moenia
1066 727 1195 766 luctu?

181 783 326 835 Quisve
347 784 426 823 ruit
446 790 577 823 tantus
599 783 753 824 diversa
776 784 922 823 clamor
940 783 989 832 ab
1010 783 1135 823 urbe?

182 840 244 880 Sic
264 841 330 887 ait,
356 840 606 892 adductisque
629 853 762 880 amens
785 839 962 881 subsistit
983 839 1157 880 habenis.

179 898 304 950 Atque
327 898 427 945 huic,
451 897 490 936 in
514 896 650 937 faciem
672 910 786 937 soror
807 904 848 936 ut
868 910 1059 937 conversa
1079 895 1236 937 Metisci

179 954 350 1007 Aurigae
370 967 602 1006 currumque
625 960 663 993 et
684 967 805 1006 equos
828 960 867 993 et
887 954 970 993 lora
991 953 1166 1006 regebat,

98 1017 161 1049 625
185 1010 343 1050 Talibus
367 1011 536 1051 occurrit
556 1010 693 1050 dietis:
729 1010 822 1056 Hae,
848 1010 995 1059 Turne,
1019 1023 1227 1062 sequamur

181 1067 440 1120 Troiugenas,
466 1081 539 1119 qua
564 1067 684 1120 prima
707 1066 808 1106 viam
830 1066 993 1106 victoria
1015 1066 1170 1120 pandit3

182 1124 279 1163 Sunt
299 1123 382 1171 alii,
407 1123 471 1176 qui
494 1130 594 1163 tecta
617 1136 731 1162 manu
754 1123 962 1163 defendere
982 1123 1147 1177 possint.

184 1180 332 1233 Ingruit
352 1181 506 1220 Aeneas
529 1180 634 1219 Italis
657 1187 697 1219 et
718 1179 864 1233 proelia
886 1179 1038 1228 miscet,

182 1237 230 1276 Et
252 1251 322 1276 nos
343 1250 461 1276 saeva
484 1250 600 1276 manu
622 1237 818 1276 mittamus
841 1237 975 1276 funera
1001 1235 1181 1276 Teucris.

100 1300 164 1332 630
184 1292 267 1334 Nec
290 1306 450 1333 numero
472 1293 650 1341 inferior,
676 1305 827 1346 pugnae
851 1306 922 1332 nee
946 1294 1092 1332 honore
1113 1292 1288 1332 recedes.

101 1583 164 1615 635

183 1350 341 1389 Turnus
363 1350 408 1389 ad
433 1350 547 1389 haec:

185 1406 214 1446 O
238 1419 366 1453 soror,
393 1412 431 1445 et
451 1406 592 1445 dudum
614 1405 798 1457 adgnovi,
823 1419 905 1445 cum
930 1404 1050 1458 prima
1073 1417 1142 1457 per
1162 1411 1284 1444 artem

186 1462 360 1502 Foedera
383 1461 546 1501 turbasti
572 1468 684 1514 teque
707 1461 801 1500 haec
821 1461 860 1500 in
882 1461 982 1501 bella
1004 1461 1160 1510 dedisti,

186 1519 235 1559 Et
256 1532 356 1558 nunc
378 1518 606 1571 nequiquam
632 1516 733 1556 fallis
755 1516 840 1556 dea.
884 1518 958 1556 Sed
981 1517 1066 1569 quis
1089 1516 1250 1570 Olympo

187 1575 403 1616 Demissam
425 1582 553 1615 tantos
575 1573 699 1613 voluit
720 1581 757 1613 te
779 1574 882 1613 ferre
904 1572 1083 1613 labores?

185 1631 247 1673 An
270 1632 402 1672 fratris
425 1631 557 1671 miseri
580 1630 762 1676 letumxut
783 1630 938 1670 crudele
959 1629 1146 1670 videres?

185 1692 283 1734 Nam
306 1688 397 1742 quid
418 1689 517 1742 ago?
548 1695 614 1727 aut
635 1700 732 1740 quae
753 1687 827 1726 iam
851 1687 1016 1740 spondet
1035 1686 1211 1726 Fortuna
1232 1684 1427 1725 salutem?

187 1823 314 1863 xxiv,
344 1823 408 1855 316
436 1824 500 1855 und
530 1834 556 1855 s.
586 1835 617 1855 z.
644 1823 684 1854 Α.
704 1820 749 1861 Χ,
771 1822 850 1854 844.

188 1889 225 1893 -
248 1870 430 1911 multaque
457 1880 493 1900 se
519 1872 604 1909 ina,
636 1868 704 1909 vgl.
725 1869 765 1899 A.
785 1867 848 1906 Xl,

188 1915 356 1946 ⁴71—72.

233 1972 264 1992 v.
286 1960 455 1992 fili—31.
485 1970 578 1990 suec.
600 1970 668 2000 eq.,
701 1959 769 1998 „ob
789 1959 849 1990 des

189 2007 344 2038 eilenden
359 2004 486 2036 Laul'es
501 2005 561 2036 der
573 2004 720 2036 Rosse.“
740 2003 847 2034 Turn.

189 2051 270 2082 wird
301 2050 536 2090 mismauthig,
575 2050 616 2080 da
645 2059 682 2080 er
708 2049 760 2079 bei
790 2048 851 2079 der

190 2098 308 2128 immer
326 2096 422 2127 mehr
443 2095 699 2126 zunebmenden
720 2094 851 2124 Ermat-

191 2148 272 2183 tuug
299 2141 412 2173 seiner
438 2140 559 2172 Pferde
589 2141 642 2171 die
670 2139 848 2171 einzelnen

190 2187 446 2229 Zersprengteu
468 2187 560 2217 nicht
578 2186 673 2217 mehr
690 2196 726 2216 so
749 2185 848 2215 rascb

190 2233 347 2265 einholen
370 2233 471 2263 kann.
490 2249 534 2254 -
557 2242 645 2262 eaeo.
668 2234 769 2268 terta,
789 2230 849 2261 ulit

191 2278 369 2310 dunkelein
390 2277 596 2317 Sebrecken,
627 2277 659 2308 d.
681 2278 703 2307 i.
723 2276 781 2307 mit
801 2275 850 2306 ei-

192 2334 265 2356 nem
293 2323 511 2360 Schrecken,
549 2323 671 2354 dessen
699 2320 849 2353 Ursache

922 1820 1099 1853 Teukrern
1145 1820 1293 1852 Leichen
1338 1819 1503 1853 schafl'en.
1538 1837 1582 1842 —

922 1878 1032 1907 num„
1054 1868 1114 1898 der
1132 1866 1385 1907 Erschlagenen
1406 1865 1564 1897 u'zimlicb.

967 1924 999 1944 v.
1020 1912 1202 1945 631—49.
1246 1913 1328 1944 dud.
1357 1911 1482 1954 adgn.‚
1508 1910 1578 1951 vgl.

923 1958 1016 1990 Hom.
1049 1958 1084 1989 ll.
1117 1957 1159 1998 V,
1186 1957 1263 1989 815.
1291 1975 1335 1980 —
1360 1967 1470 1998 neque
1485 1955 1580 1997 full.

921 2003 1007 2042 dea,
1043 2004 1075 2034 d.
1106 2003 1137 2034 h.
1168 2003 1363 2042 vergeblicb
1389 2002 1504 2032 suchst
1536 2002 1580 2031 du

920 2049 983 2078 mir
1010 2059 1051 2078 zu
1080 2048 1289 2088 verbergen,
1327 2047 1404 2078 dass
1432 2047 1474 2077 du
1502 2046 1578 2077 eine

920 2091 1035 2124 Giittin
1071 2093 1153 2124 bist.
1188 2110 1231 2115 —
1264 2103 1345 2124 nam
1376 2092 1462 2134 quid
1487 2093 1582 2132 ogo?

920 2137 989 2170 Deu
1010 2137 1307 2179 Zusauimenhang
1324 2138 1383 2169 mit
1404 2138 1477 2168 dem
1496 2135 1582 2167 Vor-

922 2184 1059 2224 hergeh.
1098 2185 1232 2224 ergiebt
1269 2183 1348 2224 fulg.
1381 2181 1582 2214 Gedauken-

921 2229 1069 2260 briicke:
1093 2231 1179 2260 ‹lenn
1194 2239 1245 2261 um
1260 2229 1486 2269 Augenzeuge
1501 2227 1585 2258 mei-

921 2285 981 2306 uer
998 2274 1226 2306 Grosstbaten
1254 2285 1295 2306 zu
1315 2275 1402 2311 sein,
1430 2274 1487 2304 hat
1505 2273 1579 2304 dieb

921 2320 1126 2360 wahrhastig
1152 2320 1272 2352 keiner
1290 2320 1350 2352 der
1369 2319 1489 2350 Giitter
1506 2327 1579 2349 vom

191 2380 229 2402 er
247 2371 339 2401 nicht
357 2370 495 2400 kannte.
515 2386 558 2391 —-
576 2378 647 2399 arr·v
664 2370 738 2408 inp.
753 2376 847 2406 aar„
920 2365 1040 2408 Olyinp
1067 2365 1255 2406 geschickt.
1298 2365 1359 2396 Die
1385 2363 1494 2404 Frage
1521 2364 1581 2394 des

191 2417 223 2447 d.
245 2416 276 2447 b.
305 2420 448 2456 spannte
476 2415 570 2446 seine
598 2413 852 2445 Aul'uierksam-
920 2411 1246 2443 Selbstvorwurfes:
1267 2411 1354 2452 qm'd
1371 2412 1464 2451 ago?
1482 2409 1524 2450 (s.
1547 2418 1578 2440 z.

191 2461 259 2492 keit
279 2460 512 2492 immermebr.
531 2478 569 2482 —
588 2463 669 2490 sunl
691 2460 768 2497 ulii,
789 2458 852 2499 qui
918 2458 957 2488 Α.
981 2455 1035 2496 lV,
1049 2457 1143 2497 534),
1164 2468 1200 2488 so
1220 2457 1281 2487 wie
1301 2457 1354 2487 die
1376 2454 1578 2495 vorhergeh.

192 2510 216 2538 t.
236 2517 282 2537 γη.
303 2506 373 2547 des.
392 2516 445 2547 μ,
472 2506 539 2546 vgl.
571 2504 664 2536 Hom.
695 2503 733 2535 ll.
754 2501 847 2542 Xlll,
919 2501 1029 2542 Frage
1056 2507 1157 2543 zeugt
1181 2512 1244 2533 von
1272 2501 1332 2533 der
1357 2501 1494 2532 diistern
1515 2498 1581 2531 To-

192 2552 269 2583 312.
295 2570 338 2574 —-
361 2556 395 2582 et
420 2562 483 2582 nos
510 2561 601 2582 smev.
629 2560 675 2582 m.
702 2549 849 2590 miens.
920 2548 1138 2587 desabnung,
1177 2548 1229 2578 die
1267 2547 1329 2578 den
1356 2546 1489 2579 Turnus
1515 2545 1579 2576 deu

193 2597 255 2638 T.,
292 2598 324 2629 d.
352 2597 383 2628 h.
413 2597 498 2629 auch
533 2597 595 2628 wir
628 2596 749 2627 wollen
785 2595 848 2626 den

919 2596 1074 2633 grossten
1094 2593 1192 2625 Theil
1219 2593 1332 2625 dieses
1353 2592 1483 2624 Buches
1503 2591 1582 2622 hin-
