1682 2979
572 146 793 181 AENEIDOS
811 147 892 180 LIB.
914 147 974 181 IX.

87 261 201 301 Ferte
224 260 288 300 citi
309 259 469 308 ferrum,
495 259 581 299 date
602 260 695 309 tela,
720 259 917 300 ascendite
939 275 1086 308 muros,

86 316 217 357 Hostis
239 316 362 364 adest,
389 315 496 356 heia!
532 315 682 370 Ingenti
704 315 870 356 clamore
895 329 964 369 per
985 318 1108 358 omnis

85 372 263 413 Condunt
284 385 326 412 se
347 372 488 412 Teucri
508 379 654 425 portas,
688 379 727 412 et
745 372 899 412 moenia
919 373 1111 426 conplent.

82 429 256 482 Namque
277 430 328 469 ita
351 428 551 469 discedens
573 435 822 483 praeceperat
843 436 1019 482 optumus
1041 431 1157 471 armis

81 484 260 526 Aeneas:
293 485 326 526 si
347 499 419 538 qua
440 485 590 525 interea
611 487 766 526 fortuna
786 485 937 535 fuisset,

81 541 167 583 Neu
188 550 340 584 struere
361 542 550 582 auderent
570 541 709 591 aciem,
733 555 808 583 neu
829 542 989 582 credere
1011 556 1168 595 campog

83 598 218 640 Castra
240 599 353 639 modo
376 605 414 637 et
436 605 539 638 tutos
561 605 768 638 servarent
789 612 931 653 aggere
952 612 1098 638 muros.

81 655 185 708 Ergo
199 686 208 704 ‚
242 655 314 695 etsi
335 655 513 695 conferre
533 669 686 695 manum
708 655 830 709 pudor
850 656 1209 710 iraquevmonstralt,

82 710 276 751 Obiiciunt
297 719 427 765 portas
450 719 577 751 tamen
601 719 638 752 et
658 719 862 766 praecepta
882 713 1090 761 facessunt,

79 766 302 821 Armatique
325 768 431 808 cavis
453 775 682 820 exspectant
703 768 874 818 turribus
897 769 1061 808 hostem.

81 824 253 873 Turnus,
279 831 322 864 ut
342 832 430 864 ante
450 824 588 865 volans
610 827 761 864 tardum
783 832 1049 879 praecesserat
1070 837 1222 878 agmen,

78 880 226 934 Viginti
248 881 358 922 lectis
382 880 549 934 equitum
572 881 791 928 comitatus,
818 887 857 920 et
877 881 962 920 urbi

80 937 302 990 Inprovisus
325 938 456 985 adest3
489 936 650 975 maculis
673 950 784 989 quen]
807 937 995 977 Thracius
1017 936 1113 976 albis

77 993 212 1032 Portat
232 1005 369 1044 equus,
394 992 591 1044 cristaque
613 994 708 1045 tegit
728 993 839 1046 galea
860 1006 977 1032 aurea
998 992 1139 1031 rubra:

76 1049 220 1101 Ecquis
243 1048 330 1098 erit,
360 1061 524 1097 mecum,
549 1049 727 1098 iuvenes,
753 1049 816 1102 qui
839 1050 985 1102 primus
1006 1048 1046 1088 in
1069 1049 1217 1088 hostem
1243 1052 1320 1086 —22

75 1105 149 1153 En,
175 1104 243 1145 ait.
286 1105 333 1144 Et
354 1105 518 1145 iaculum
543 1111 769 1158 attorquens
792 1105 931 1145 emittit
953 1106 993 1145 in
1015 1119 1144 1154 auras,

75 1161 310 1215 Principium
332 1174 499 1215 pugnae,
525 1167 563 1200 et
584 1175 717 1215 campo
739 1175 827 1202 sese
848 1163 990 1202 arduus
1010 1162 1143 1202 infert.

76 1217 254 1258 Clamore
277 1218 474 1271 excipiunt
494 1218 605 1267 socii,
635 1218 866 1271 fremituque
888 1225 1104 1272 sequuntur

77 1274 317 1325 Horrisono3
352 1275 542 1315 Teucrum
565 1275 758 1318 mirantur
778 1275 919 1314 inertia
942 1274 1081 1315 corda:

72 1331 162 1371 Non
184 1344 306 1383 aequo
328 1332 419 1371 dare
439 1345 482 1372 se
504 1344 652 1385 eampo,
678 1345 755 1371 nou
777 1331 890 1372 obvia
912 1333 1016 1372 ferre

73 1388 192 1427 Arma
213 1387 335 1436 viros,
361 1388 427 1427 sed
451 1394 576 1428 castra
600 1388 748 1428 fovere.

792 1388 874 1428 Huc
895 1388 1070 1428 turbidus
1093 1394 1207 1441 atque
1229 1385 1302 1426 huc

72 1444 232 1484 Lustrat
253 1458 350 1497 equo
373 1459 521 1495 muros,
546 1444 765 1498 aditumque
788 1459 856 1498 per
878 1445 966 1486 avia
988 1444 1153 1498 quaerit.

71 1500 127 1539 Ac
148 1500 269 1540 veluti
291 1501 405 1554 pleno
425 1501 535 1555 lupus
555 1501 760 1542 insidiatus
782 1501 875 1541 ovili

74 1556 169 1597 Cum
192 1558 323 1596 fremit
344 1557 389 1596 ad
411 1558 558 1607 caulas,
582 1565 721 1597 ventos
742 1571 949 1611 perpessus
972 1565 1011 1597 et
1029 1557 1180 1608 imbris,

70 1613 196 1653 Nocte
218 1627 335 1666 super
356 1614 503 1664 medi33
533 1614 605 1653 tuti
626 1614 696 1654 sub
717 1615 904 1654 matribus
927 1617 1016 1668 agni

73 1669 247 1709 Balatum
271 1678 483 1721 exercent3
515 1670 580 1709 ille
602 1684 715 1724 asper
735 1678 773 1710 et
793 1670 978 1724 inprobus
999 1670 1059 1711 ira

72 1726 205 1766 Saevit
225 1726 265 1765 in
286 1726 481 1777 absentis3
515 1726 678 1767 collecta
702 1727 835 1780 fatigat
859 1727 996 1767 edendi

70 1783 134 1822 Ex
155 1782 270 1835 longo
292 1782 436 1832 rabies,
462 1790 501 1822 et
521 1783 647 1824 siccae
668 1783 856 1837 sanguine
877 1785 1032 1824 fauces:

71 1839 181 1878 Haud
203 1839 317 1879 aliter
336 1839 477 1880 Rutulo
499 1853 630 1879 muros
654 1847 692 1879 et
712 1848 838 1880 castra
858 1841 983 1880 tuenti

69 1973 130 1994 aus
158 1964 218 1995 der
243 1962 458 1994 Staubwolke
483 1964 622 1995 macheu
650 1964 725 2003 soll,

68 2009 147 2040 bald
177 2009 257 2040 aber
282 2008 392 2040 merkt
416 2019 465 2049 er,
497 2009 575 2040 dass
594 2010 643 2040 sie
662 2019 724 2040 von

70 2054 132 2085 deu
158 2054 461 2086 heranriickenden
482 2054 629 2086 Feinden
651 2055 726 2086 her—

69 2100 171 2131 riihre
190 2100 255 2130 und
277 2100 346 2131 ruft
364 2110 428 2130 nun
444 2111 485 2131 zu
500 2101 562 2131 den
577 2100 723 2132 Waffen.

68 2163 111 2168 -
139 2143 201 2176 Mit
226 2156 255 2176 v.
282 2145 322 2176 37
350 2145 417 2185 vgl.
447 2147 484 2176 Α.
510 2145 565 2185 IV,
586 2145 662 2177 594.
686 2165 724 2169 —

59 2190 212 2232 suisset.
241 2189 319 2222 Wie
339 2191 421 2221 wird
442 2191 501 2222 das
520 2189 649 2223 Verbot
667 2192 726 2223 des

69 2236 156 2268 Aen.
177 2237 208 2267 in
230 2236 380 2267 directer
398 2235 487 2267 Rede
506 2236 645 2268 lauten‘?

113 2314 144 2335 v.
166 2303 311 2335 47-58.
330 2303 400 2335 Den
415 2303 581 2335 Nachsatz
601 2315 640 2336 zu
662 2305 725 2336 den

69 2347 212 2380 women
232 2353 577 2390 ut-p1·aecesserat
593 2353 628 2381 et
644 2351 728 2381 urbi

69 2394 117 2433 (s.
137 2394 176 2424 Α.
197 2393 268 2436 Vll,
291 2394 351 2426 157
365 2395 599 2436 —59),adest
616 2395 723 2427 bildet

71 2441 125 2470 ait
143 2439 174 2469 in
193 2449 226 2470 v.
247 2440 300 2472 52.
321 2458 364 2464 —-
385 2440 525 2480 Thrac„
545 2441 664 2481 vgl.A.
680 2441 720 2481 V,

71 2484 147 2515 565.
177 2501 217 2506 -——
244 2495 308 2516 em.
328 2488 364 2516 in
381 2497 460 2518 aur.
494 2486 571 2518 wie
589 2487 642 2518 eiu
658 2497 723 2528 pa-

71 2533 128 2560 ter
140 2533 309 2570 patratus
327 2531 378 2570 (so
395 2532 485 2564 hiess
509 2533 568 2564 der
583 2531 723 2564 vorste-

72 2575 133 2606 ber
159 2575 218 2607 ‘des
239 2575 440 2617 Collegiums
470 2578 528 2610 der
553 2577 720 2619 Fetialen)

795 1963 888 1995 wiri't
922 1962 1057 1995 Turnus
1100 1964 1183 1995 nach
1227 1964 1454 1996 altitalischer

796 2009 881 2041 Siue
902 2010 996 2040 seine
1008 2008 1122 2041 Lanze
1142 2010 1175 2040 in
1194 2009 1253 2040 das
1270 2009 1453 2041 feiudliche

795 2054 934 2095 Gebiet‚
964 2055 1014 2086 als
1042 2054 1190 2086 Zeichen
1221 2055 1278 2087 des
1307 2056 1452 2096 Beginns

795 2102 854 2131 der
895 2099 1217 2141 Feindseligkeiten.
1261 2119 1305 2124 —
1347 2101 1450 2134 clam.

795 2157 872 2177 exc.
894 2145 954 2177 Die
967 2137 1273 2187 Genossenjubesh
1289 2146 1449 2187 dat-iiber,

796 2192 874 2223 dass
893 2191 952 2222 das
967 2190 1115 2223 Zeichen
1135 2202 1209 2223 zum
1223 2190 1364 2234 Hampfe
1384 2203 1449 2223 nun

794 2238 941 2277 gegeben
962 2238 1018 2268 ist.
1039 2255 1081 2259 —
1100 2237 1185 2268 dare
1203 2248 1251 2278 se,
1272 2237 1373 2269 niiml.
1387 2240 1452 2269 mi-

793 2285 923 2314 runem*
954 2284 1045 2313 socii
1079 2282 1218 2314 Teucri.
1251 2300 1296 2305 ——
1329 2286 1449 2314 castra

783 2329 881 2370 fov.,
902 2327 969 2367 vgl.
993 2326 1032 2358 G.
1054 2326 1110 2368 Ill,
1131 2328 1208 2359 420.

838 2407 869 2427 v.
890 2396 930 2426 59
946 2414 981 2418 —
997 2395 1049 2426 76.
1082 2394 1143 2427 Mit
1161 2406 1193 2427 v.
1215 2395 1359 2428 59—64
1378 2397 1444 2436 vgl.

794 2439 1009 2481 Hom.11.X1‚
1022 2440 1189 2473 545—52.
1203 2440 1449 2482 od.vl,130—

793 2487 847 2518 34,
877 2506 914 2509 -
942 2486 1063 2526 insiti„
1094 2487 1175 2517 nach
1201 2487 1321 2528 langer
1337 2485 1449 2519 Nach-

792 2532 954 2572 stellung.
980 2550 1023 2554 —-
1051 2533 1210 2573 inprob„
1238 2543 1266 2564 s.
1293 2544 1323 2565 z.
1352 2532 1390 2565 G.
1418 2533 1444 2574 Ι,

794 2578 868 2611 119.
884 2595 921 2601 —-
941 2580 996 2609 ira
1014 2587 1106 2610 saev.
1122 2580 1159 2610 in
1177 2579 1265 2619 abs„
1283 2579 1351 2620 vgl.
1366 2578 1442 2612 Val.

1416 151 1467 190 77

1486 440 1530 471 40

1485 721 1526 752 45

1484 1001 1525 1031 50

1481 1283 1521 1314 55

1479 1564 1520 1597 60

1476 1849 1516 1881 65
