1682 2979
168 156 222 194 26
648 161 684 193 Ρ.
714 159 876 193 ΠΕΟ-ΠΛ
903 159 1097 193 MARONIS

165 263 290 301 Voltis
322 267 360 301 et
389 261 450 300 his
481 273 636 300 mecum
666 261 814 312 pariter
845 260 1052 300 considere
1083 260 1222 299 terris:

166 318 308 356 Urbem
340 329 456 367 quam
487 322 638 361 statum
671 322 796 355 vestra
829 322 911 363 est3
942 316 1148 355 subducite
1178 315 1310 365 navis;

167 374 267 412 Tros
298 372 518 423 Tyriusque
549 371 646 410 mihi
678 372 784 411 nullo
817 371 1047 411 discrimine
1079 378 1228 421 agetur.

85 435 143 466 575
165 430 290 479 Atque
320 427 470 466 utinam
501 440 567 466 rex
596 428 683 478 ipse
715 434 808 466 noto
840 427 1068 477 compulsus
1100 427 1239 466 eodem

162 484 328 523 Adforet
357 482 528 522 Aeneas!
561 483 752 533 Equidem
781 495 853 533 per
882 482 996 521 litora
1027 487 1157 520 certos

162 539 366 577 Dimittam
397 544 435 576 et
463 537 610 587 Libyae
641 538 809 576 lustrare
840 542 1011 576 extrema
1043 536 1200 582 iubebo,

164 594 206 632 Si
239 593 382 643 quibus
414 592 563 631 eiectus
595 591 704 630 silvis
735 598 801 630 aut
830 591 995 630 urbibus
1027 597 1142 629 errat.

277 648 345 685 His
378 646 552 685 animum
583 646 723 684 arrecti
755 646 872 684 dictis
904 652 941 683 et
972 646 1084 683 sortis
1115 644 1283 683 Achates

83 709 142 741 580
163 703 211 742 Et
241 708 353 753 pater
382 705 535 740 Aeneas
567 700 795 739 iamdudum
828 711 1035 750 erumpere
1066 698 1211 737 nubem

163 758 374 797 Ardebant.
435 756 550 795 Prior
579 756 737 795 Aenean
771 755 982 805 compellat
1011 754 1198 793 Achates:

162 814 261 852 Nate
292 813 376 857 dea,
410 824 509 862 quae
541 823 645 850 nunc
676 811 806 850 animo
838 809 1034 848 sententia
1066 806 1222 858 surgit?

166 868 307 907 Omnia
339 873 421 906 tuta
450 867 572 920 vides,
606 867 774 905 classem
808 866 1021 915 sociosque
1052 869 1250 914 receptos.

166 924 271 963 Unus
305 923 436 967 abest,
468 922 599 960 medio
632 921 671 959 in
704 922 824 959 ssuctu
856 932 972 971 quem
1003 919 1172 957 vidimus
1203 919 1282 969 ipsi

85 986 143 1017 585
165 979 442 1024 Submersmm
475 977 592 1015 dictis
625 976 869 1026 respondent
900 980 1031 1014 cetera
1062 974 1212 1013 inatriS.

164 1034 234 1072 Vix
264 1046 308 1072 ea
341 1033 441 1070 satus
474 1038 567 1077 erat,
601 1042 688 1069 cum
720 1031 956 1070 circumfusa
988 1036 1151 1080 repente

165 1088 320 1128 Scindit
350 1100 392 1127 se
423 1087 548 1125 nubes
581 1092 619 1124 et
650 1086 689 1123 in
721 1086 879 1124 aethera
910 1090 1051 1135 purgat
1081 1089 1273 1134 apertum.

164 1144 324 1183 Restitit
353 1144 505 1181 Aeneas
537 1141 720 1191 claraque
753 1141 791 1179 in
823 1140 912 1179 luce
944 1138 1111 1183 refulsit,

167 1200 221 1238 Os
254 1200 518 1248 humerosque
549 1197 623 1236 deo
656 1196 820 1241 similis3
853 1207 1021 1245 namque
1052 1194 1139 1244 ipsa
1171 1192 1354 1232 decoram

86 1262 144 1293 590
167 1255 390 1293 Caesariem
422 1259 513 1291 nato
546 1252 722 1302 genetrix
753 1252 965 1301 lumenque
997 1250 1178 1288 iuventae

166 1311 413 1359 Purpureum
447 1314 484 1346 et
515 1308 642 1346 laetos
674 1307 801 1345 oculis
833 1306 999 1345 adflarat
1028 1305 1223 1343 honores:

167 1364 291 1411 Quale
322 1375 462 1402 manus
494 1363 642 1401 addunt
672 1362 783 1401 ebori
815 1362 949 1404 decus,
981 1366 1047 1399 aut
1076 1359 1142 1398 ubi
1174 1360 1274 1397 ssavo

165 1422 378 1469 Argentum
411 1418 597 1457 Pariusve
630 1417 730 1468 lapis
763 1417 1031 1455 circumdatur
1061 1426 1171 1453 auro.

166 1475 265 1513 Tum
297 1475 355 1512 sic
385 1476 559 1523 reginam
593 1472 832 1523 adloquitur,
864 1471 1094 1520 cunctisque
1124 1474 1288 1519 repente

87 1537 144 1569 595
167 1530 396 1580 Inprovi-sus
430 1529 503 1567 ait:
538 1528 691 1573 Coram,
725 1539 839 1578 quem
873 1525 1078 1577 quaeritis,
1111 1524 1260 1569 adsum,

166 1586 309 1623 Troius
341 1587 506 1629 Aeneas,
537 1583 694 1632 Libycis
727 1587 886 1632 ereptus
919 1581 966 1619 ab
998 1580 1128 1618 undis.

168 1640 198 1678 Ο
233 1640 317 1678 sola
348 1639 532 1677 infandos
565 1638 710 1675 Troiae
740 1637 924 1675 miserata
957 1635 1126 1679 labores,

168 1695 278 1741 Quae
309 1707 395 1738 nos,
428 1693 618 1744 reliquias
650 1693 838 1737 Danaum,
872 1698 1077 1741 terraeque
1108 1689 1308 1739 marisque

169 1750 362 1789 Omnibus
395 1749 607 1788 exhaustos
639 1748 715 1786 iam
749 1747 927 1792 casibus,
960 1745 1137 1784 omnium
1169 1754 1327 1793 egenos,

87 1812 146 1844 600
167 1806 291 1851 Urbe,
324 1804 617 1849 ‹lomo‚socias‚
650 1809 779 1852 grates
810 1802 1037 1853 persolvere
1070 1800 1209 1849 dignas

167 1861 252 1900 Non
285 1860 374 1910 opis
405 1864 465 1897 est
494 1864 665 1904 nostrae,
699 1858 811 1903 Dido,
843 1870 916 1896 nec
948 1855 1138 1907 quidquid
1171 1854 1316 1904 ubique
1347 1859 1409 1892 est

169 1916 306 1954 Gentis
338 1914 568 1959 Dardaniae,
601 1925 784 1962 magnum
818 1925 917 1963 quae
949 1923 1085 1961 sparsa
1118 1922 1189 1960 per
1219 1909 1367 1947 orbem.

169 2002 200 2032 in
228 2001 373 2032 Sicilien.
406 2020 442 2025 —-
473 1999 584 2031 Volcis
609 2016 653 2026 =
675 2001 707 2029 si
731 1999 842 2033 voltis,

168 2057 195 2077 s.
213 2057 242 2077 z.
257 2045 296 2077 G.
311 2045 348 2080 ll.
369 2047 445 2078 519.
459 2063 501 2068 ——
527 2045 638 2074 tet-ris.
662 2042 839 2074 DieseLA.

166 2090 321 2122 verdient
344 2099 461 2129 wegen
487 2089 546 2120 der
561 2087 684 2119 W'orte
707 2088 844 2129 pur-ilm-

167 2145 301 2166 mecum
326 2134 388 2165 (len
400 2134 535 2172 Vorzug
549 2142 610 2163 vor
623 2132 682 2163 der
695 2131 818 2162 andern
833 2143 839 2161 :

167 2180 296 2219 regm‘s.
338 2195 380 2202 ——
428 2179 548 2209 urbem
585 2186 687 2217 quam
727 2179 841 2206 stultu)

168 2226 283 2255 vestra
308 2226 366 2259 esc,
392 2222 456 2262 vgl.
471 2221 508 2253 Z.
531 2221 563 2263 ξ.
584 2223 660 2253 814.
685 2238 721 2244 --
751 2221 843 2251 urbi-

169 2269 240 2307 bus,
266 2267 316 2298 als
341 2267 528 2305 Gegensatz
553 2276 615 2296 von
640 2265 736 2296 silvis
760 2274 842 2304 ganz

169 2311 343 2352 allgemein
357 2311 586 2349 Bezeielinung
595 2320 658 2341 von
668 2309 842 2341 Mcuschen

167 2357 363 2388 bewohnter
387 2355 576 2395 Gegenden.

213 2403 322 2434 x·.579
346 2402 424 2434 -93.
457 2400 551 2433 l‘uus
575 2400 679 2437 abest,
705 2407 731 2429 s.
760 2397 843 2429 oben

169 2457 199 2476 v.
226 2447 325 2478 113-
341 2447 390 2477 17.
413 2464 454 2469 --
482 2444 553 2476 Via:
578 2455 625 2475 ear
640 2443 664 2482 Ιῖ
682 2453 728 2473 er.
756 2451 843 2481 cum,

170 2490 234 2529 vgl.
264 2491 355 2522 Hom.
387 2489 447 2520 Od.
475 2488 566 2530 XVI.
598 2490 647 2523 11.
690 2486 747 2518 mit
772 2487 844 2517 dem

170 2534 261 2574 Folg.
300 2534 390 2565 Hom.
427 2533 487 2564 Od.
524 2532 594 2570 Vll,
628 2532 700 2565 143.
731 2549 770 2555 —
808 2541 844 2561 os

913 1998 1016 2033 Imm„
1042 1995 1106 2035 vgl.
1120 1995 1212 2027 Hom.
1229 1995 1289 2026 Od.
1302 1993 1357 2030 Vl.
1373 1995 1589 2027 229-35.—-

913 2042 1074 2073 (locor-am
1109 2051 1207 2080 caes„
1240 2040 1293 2071 die
1327 2038 1439 2071 Gottin
1471 2038 1590 2070 erhssht

913 2086 974 2117 den
1001 2085 1104 2117 Glanz
1130 2085 1193 2116 und
1219 2084 1282 2115 den
1303 2083 1463 2115 Sclnuuck
1479 2083 1589 2114 seines

913 2130 1052 2161 llaarcs.
1082 2147 1123 2153 ——
1162 2130 1321 2168 honores,
1346 2128 1437 2160 Reiz.
1490 2127 1591 2159 Sonst.

912 2175 955 2205 ist
993 2174 1023 2205 in
1057 2174 1168 2205 dieser
1189 2173 1383 2211 Bedeutung
1407 2171 1467 2203 der
1492 2170 1584 2211 Sing.

913 2218 1166 2259 gewiilmlicher,
1206 2216 1273 2257 vgl.
1303 2215 1341 2248 G.
1371 2214 1410 2251 ll,
1439 2216 1516 2248 404.
1546 2232 1590 2239 —

912 2273 1046 2301 manns,
1080 2262 1132 2294 die
1166 2261 1279 2293 Hiindc
1316 2261 1374 2292 des
1398 2258 1588 2295 Kiinstlers,

912 2308 977 2347 vgl.
1006 2308 1089 2339 oben
1113 2317 1144 2338 v.
1181 2308 1257 2339 455.
1286 2324 1328 2329 -
1375 2305 1468 2343 flavo
1499 2313 1589 2335 auro

913 2353 1032 2391 gehon-t
1063 2352 1143 2383 ancli
1176 2361 1216 2381 zu
1249 2350 1322 2381 dem
1345 2348 1591 2388 vorhergehen-

914 2396 1128 2473 (ίίὶεηῃίιὲἰίἓιὲε.
1156 2413 1199 2419 —
1224 2394 1349 2425 Parius
1375 2393 1462 2435 lap„
1500 2403 1527 2424 s.
1556 2402 1586 2423 z.

958 2485 1191 2518 v.594—612.
1247 2482 1376 2526 Cot-an]5
1404 2481 1487 2521 ads„
1519 2479 1586 2520 vgl.

915 2529 1006 2562 Hom.
1025 2529 1086 2560 011.
1107 2527 1200 2564 xxi,
1224 2529 1298 2561 207.
1329 2547 1370 2551 —
1406 2535 1530 2568 sparsa
1550 2534 1588 2566 p.
