1682 2979
154 191 278 232 '120

684 196 721 227 P.
751 193 917 240 VIRGlLl
943 192 1137 226 MAROMS

123 301 361 346 52oSidera3
392 304 486 344 tum,
518 297 552 335 si
585 295 689 347 quod
720 308 799 334 non
831 307 956 345 aequo
987 294 1146 334 foedere
1176 294 1340 333 amantis

201 356 325 394 Curae
354 364 501 392 nomen
530 351 649 390 habet
679 351 904 401 iustumque
933 362 1183 401 memorque,
1214 356 1409 400 precatur.

308 409 393 447 Nox
423 413 518 453 erat,
552 413 589 446 et
619 407 816 458 placidum
848 405 1063 457 carpebant
1094 407 1198 444 sessa
1230 417 1415 455 soporem

200 465 374 515 Corpora
405 476 477 514 per
506 468 653 507 terras,
687 463 885 512 silvaeque
917 468 955 500 et
985 473 1097 500 saeva
1130 461 1311 511 quierant

198 521 392 569 Aequora,
424 530 512 557 cum
544 518 672 556 medio
703 517 910 556 volvuntur
939 517 1068 556 sidera
1099 516 1225 566 lapsu,

120 581 184 613 525
199 574 296 613 Cum
329 579 430 612 tacet
460 573 589 611 omnis
620 584 732 621 ager3
763 573 936 622 pecudes
967 573 1175 621 pictaeque
1206 571 1397 613 volucres,

199 629 388 679 Quaeque
420 628 528 666 lacus
560 627 636 664 late
667 627 852 676 liquidos,
885 638 1062 675 quaeque
1094 638 1232 676 aspera
1265 625 1397 664 dumis

201 684 306 722 Rura
338 689 494 728 tenent,
527 693 665 720 somno
698 681 851 731 positae
883 680 955 718 sul)
988 685 1103 718 nocte
1134 680 1280 723 silenti,

197 738 396 778 Lenibant
426 750 560 783 curaS‚
593 743 631 776 et
661 736 779 774 corda
809 736 930 774 oblita
963 735 1155 774 laborum.

197 793 246 833 At
276 805 356 832 non
388 792 534 831 infelix
556 791 675 830 animi
707 791 938 836 Phoenissa,
972 803 1045 829 nec
1074 802 1257 840 umquam

120 855 184 886 530
199 848 370 887 Solvitur
400 848 439 886 in
474 859 648 893 somnos,
682 846 855 885 oculisve
887 851 953 885 aut
983 851 1144 897 pectore
1176 850 1332 883 noctem

196 903 370 953 Accipit:
403 903 648 952 ingeminant
679 914 807 947 curae,
838 901 1054 951 rursusque
1085 911 1298 950 resurgens

197 959 329 997 Saevit
358 971 487 1006 amor,
518 969 739 1007 magnoque
770 957 915 995 irarum
946 957 1109 994 fluctuat
1138 963 1262 994 aestu.

200 1013 268 1052 Sic
300 1014 397 1051 adeo
430 1013 591 1058 insistit,
623 1023 836 1062 secumque
867 1012 920 1049 ita
952 1012 1070 1050 corde
1101 1011 1267 1049 volutat:

178 1068 268 1113 En,
304 1068 396 1117 quid
428 1066 533 1117 ago?
564 1080 753 1106 rursusne
784 1079 928 1117 procos
960 1067 1083 1105 inrisa
1114 1067 1268 1117 priores

121 1135 184 1166 535
200 1123 400 1173 Experiar,
431 1123 729 1172 Nomadumque
760 1128 889 1171 petam
922 1121 1118 1159 connubia
1149 1121 1326 1171 supplex,

200 1178 309 1224 Quos
342 1188 413 1226 ego
446 1177 520 1215 sim
554 1177 699 1216 totiens
731 1177 807 1215 iam
840 1176 1048 1226 dedignata
1082 1175 1276 1214 maritos?

198 1233 338 1271 Iliacas
370 1232 490 1282 igitur
519 1232 660 1271 classis
693 1238 809 1282 atque
840 1232 976 1270 ultima
1007 1232 1202 1271 Teucrum

197 1288 310 1326 Iussa
341 1286 515 1338 sequar‘?
548 1288 690 1338 quiane
722 1288 866 1326 auxilio
899 1288 1001 1326 iuvat
1033 1293 1122 1326 ante
1154 1287 1315 1331 levatos,

197 1343 246 1381 Et
274 1342 375 1381 bene
406 1343 510 1394 apud
542 1355 738 1382 memores
769 1343 912 1381 veteris
943 1349 1020 1381 stat
1051 1343 1172 1392 gratia
1204 1339 1328 1380 sacti?

121 1409 184 1440 540
200 1398 296 1444 Quis
327 1410 390 1436 me
421 1404 564 1444 autem,
598 1399 660 1437 fac
690 1398 800 1445 velle,
832 1399 947 1444 siuet,
980 1398 1177 1437 ratibusve
1210 1395 1392 1447 superbis

197 1453 369 1492 Invisam
399 1453 602 1504 accipiet?
643 1454 773 1492 nescis
805 1454 893 1499 lieu,
924 1454 1090 1504 perdita,
1124 1453 1291 1492 necdum

197 1508 517 1547 Laomedonteae
550 1509 673 1547 sentis
704 1509 876 1559 periuria
910 1507 1068 1558 gentis?

200 1563 304 1609 Quid
336 1563 449 1602 tum?
480 1564 563 1602 sola
594 1565 683 1614 suga
717 1571 855 1602 nautas
888 1563 1107 1602 comitabor
1138 1561 1321 1601 ovantis?

197 1619 256 1656 An
288 1618 416 1668 Tyriis
449 1620 636 1669 omnique
667 1631 786 1657 manu
817 1619 960 1669 stipata
992 1630 1170 1657 meorum

120 1684 183 1715 545
197 1673 360 1720 Inserar,
394 1679 443 1719 et,
476 1686 575 1724 quos
607 1674 769 1712 Sidonia
801 1674 860 1712 vix
891 1674 986 1713 urbe
1017 1673 1164 1720 revelli,

196 1727 346 1767 Rursus
377 1740 489 1779 agam
519 1729 674 1780 pelago,
707 1735 745 1769 et
776 1730 902 1769 ventis
934 1730 1027 1768 (lare
1058 1730 1142 1768 vela
1173 1726 1354 1768 iubebo?

144 1865 148 1867 λ
196 1849 297 1880 selicn
322 1849 386 1880 und
412 1850 493 1881 auch
526 1860 577 1881 uiu
615 1850 667 1881 (lie
692 1850 870 1889 Fliguugeu

199 1893 256 1924 des
283 1892 483 1925 Gescliickes
508 1894 642 1931 wissen,
673 1893 865 1933 vg1.A.tX‚

198 1938 274 1969 429.
298 1955 338 1960 ——
366 1948 436 1969 non
462 1948 572 1978 aequo
596 1938 687 1976 foed.
715 1948 791 1971 am..
819 1939 871 1969 die

199 1980 406 2019 uuglfieklicln
433 1981 635 2012 Liebendeu.

242 2034 274 2055 v.
289 2026 353 2057 522
366 2026 455 2057 —33.
485 2027 657 2065 quim-ant.
682 2035 795 2056 waren
813 2036 872 2056 zur

198 2068 290 2100 Rulie
323 2069 532 2108 gekonuneu,
570 2070 687 2101 rulitcu
720 2069 800 2101 alsa
834 2088 870 2092 -

198 2123 277 2144 eam
312 2113 396 2145 υοΙυ.
430 2114 493 2145 sid.
513 2131 558 2142 =
583 2114 796 2145 volventibus
828 2116 872 2145 si-

199 2157 346 2202 deribug.
375 2176 412 2181 —
437 2160 556 2199 piclae
581 2158 656 2195 rol„
681 2158 799 2197 vgl.G.
816 2157 867 2194 ΙΙΙ,

197 2202 273 2234 243.
311 2220 354 2225 --
400 2212 520 2233 somno
555 2203 597 2234 ist
622 2202 712 2239 Dat..
751 2212 871 2234 somno

194 2256 268 2286 pos.
308 2246 378 2277 also
421 2257 493 2277 zum
535 2246 667 2278 Schlal'e
709 2247 867 2286 gelagert,

197 2289 469 2328 vel.G.1V‚432.
491 2310 533 2314 —-
559 2291 621 2330 ins:
642 2293 762 2331 animi,
789 2302 814 2323 s.
839 2303 867 2323 z.

199 2334 237 2365 G.
265 2334 317 2371 IV,
347 2336 423 2370 491.
452 2354 494 2358 —
532 2337 583 2366 sic
613 2335 698 2366 acle-⁰
733 2337 870 2376 insistit,

199 2379 322 2417 gei-ade
360 2378 414 2410 bei
451 2379 564 2411 diesen
604 2380 782 2411 Gedankeu
816 2380 872 2412 be-

200 2423 293 2454 liarrt
306 2423 364 2460 sie,
396 2424 426 2454 d.
450 2424 479 2454 h.
500 2429 585 2456 trotz
605 2424 686 2456 alles
705 2425 782 2456 flin—
808 2425 871 2456 und

200 2466 414 2499 llerdenkens
425 2468 547 2500 kouuut
556 2469 604 2500 sie
616 2469 796 2500 iiberdiesc
807 2470 871 2501 Ge-

174 2524 178 2527 ’
200 2510 423 2544 dankeureihe
448 2513 537 2545 nic-lit
561 2523 644 2553 weg,
675 2513 796 2545 kouuut
812 2514 869 2545 iiu-

199 2564 268 2586 mcr
284 2556 413 2588 wieder
429 2567 469 2588 zu
494 2557 681 2590 demselben
699 2558 860 2590 Resultat.

985 1851 1195 1883 vem-46.
1224 1848 1390 1890 qum'd
1409 1858 1482 1889 ego,
1509 1848 1610 1883 siche,

940 1904 1012 1925 was
1030 1894 1142 1925 mac-lic
1161 1894 1211 1924 icli
1231 1894 1299 1924 da?
1323 1892 1497 1932 Unwillige
1508 1892 1614 1932 Frage

941 1939 998 1969 (les
1025 1937 1325 1976 Selbstvorwurl'es
1347 1936 1428 1968 iiber
1453 1936 1511 1974 (las
1537 1936 1614 1968 eitle

941 1983 1122 2018 Beuuilieu,
1160 1981 1254 2013 einen
1280 1981 1519 2021 Rettungsweg
1543 1981 1615 2012 aul*-

941 2026 1101 2057 zuliudeu.
1124 2024 1617 2065 Nielitsdestowenigerdurch-

941 2075 1076 2102 mustei-1
1113 2070 1196 2101 Dido
1231 2071 1271 2101 liu
1306 2070 1397 2110 Folg.
1435 2069 1498 2102 alle
1524 2070 1615 2109 mog-

943 2115 1118 2146 lielikeiteu
1145 2115 1224 2146 noch
1251 2115 1380 2146 eiulual.
1417 2133 1452 2138 -—
1491 2116 1614 2153 int-isa,

942 2170 1014 2190 voni
1039 2162 1182 2190 Aeneas.
1212 2178 1252 2182 ——
1284 2170 1407 2191 rect-sus
1432 2160 1549 2199 gehort
1574 2170 1614 2190 zu

941 2205 1108 2245 arsum-im·
1134 2205 1196 2235 uud
1218 2207 1337 2245 petam
1362 2205 1545 2236 connubia.
1571 2222 1614 2227 —

943 2250 1055 2289 igilur
1079 2249 1174 2280 weist
1201 2249 1262 2279 aus
1282 2248 1408 2280 welche
1426 2248 1615 2288 Folgerung

941 2293 1019 2323 hin?
1038 2311 1075 2316 -
1097 2293 1156 2324 ull.
1177 2295 1280 2333 ius-sa,
1300 2293 1352 2324 die
1373 2295 1564 2325 iiussersten
1579 2293 1610 2324 d.
1629 2294 1634 2299 '

942 2337 961 2368 i.
991 2337 1042 2368 die
1068 2338 1348 2380 scliimpl'liclisten
1375 2337 1518 2375 Bel'elile,
1548 2337 1613 2369 wie

941 2382 989 2413 sie
1024 2382 1151 2413 Herreu
1185 2383 1277 2414 ihren
1310 2382 1454 2414 Sklaven
1492 2382 1614 2415 erthei-

940 2425 1004 2457 len.
1044 2445 1085 2450 -—
1133 2427 1190 2458 Bei
1231 2429 1331 2459 iuvat
1369 2428 1413 2460 ist
1444 2437 1519 2467 eos,
1558 2426 1613 2458 bei

941 2471 1071 2502 levatos
1125 2471 1177 2502 ein
1228 2483 1298 2504 esse
1340 2482 1381 2503 zu
1433 2473 1609 2512 ergiinzen.

938 2514 1230 2582 —wLaomedonL
1254 2519 1389 2560 pet-[1172.
1402 2541 1410 2557 ,
1435 2527 1463 2549 s.
1480 2527 1510 2549 z.
1527 2515 1565 2549 G.
1583 2515 1607 2553 Ι,

939 2561 1013 2591 ὅθ’..
