1682 2979
12 2554 38 2770 ἢ

527 199 783 233 GEORGICON
809 200 891 232 LlB.
919 199 984 233 lv..

1429 193 1509 232 145

91 304 286 345 Faucibus
318 303 366 342 ad
396 302 531 342 limum
563 302 662 342 radii
695 302 891 354 tepefacta
922 300 1166 352 coquebant:

93 362 189 401 Cum
219 360 386 399 Proteus
419 365 606 398 consueta
637 364 777 410 petens
810 371 830 397 e
860 357 1047 396 fluctibus
1079 365 1190 396 antra

91 417 196 464 Ibat3
229 429 317 456 eum
347 415 447 454 vasti
479 415 626 454 circum
658 426 755 464 gens
784 413 942 452 humida
973 412 1087 464 ponti

90 472 300 512 Exsultans
332 484 462 511 rorem
493 471 571 510 late
603 470 799 521 dispergit
828 482 1017 508 amarum.

91 529 281 568 Sternunt
311 540 354 567 se
374 526 525 566 ‘somno
558 526 736 566 diversae
767 526 806 564 in
836 526 950 564 litore
981 525 1155 576 phocae3

90 584 194 635 Ipse,
223 584 330 623 velut
359 583 503 623 stabuli
537 590 670 622 custos
703 583 742 621 in
775 582 976 621 montibus
1008 581 1115 627 olim,

89 640 242 691 Vesper
271 640 338 680 ubi
372 653 392 679 e
422 645 539 691 pastu
567 638 711 678 vitulos
744 638 791 677 ad
826 643 924 677 tecta
957 637 1122 681 reducit,

90 695 324 747 Auditisque
355 696 470 747 lupos
503 701 648 734 acuunt
676 694 873 734 balatibus
905 693 1008 744 agni,

92 752 273 791 Considit
303 752 467 804 scopulo
498 752 666 799 medius,
699 762 985 801 numerumque
1015 753 1209 788 recenset.

91 807 212 847 Cuius
243 808 422 847 Aristaeo
454 808 640 859 quoniam
673 812 734 846 est
763 806 894 845 oblata
924 805 1104 849 facultas,

88 863 160 902 Vix
190 864 346 903 defessa
379 875 513 903 senem
545 875 688 914 passus
720 874 947 912 conponere
978 860 1166 906 membra,

91 919 186 959 Cum
218 920 390 959 clamore
420 919 498 958 ruit
528 931 683 969 magn0‚
715 916 962 967 manicisque
993 917 1189 954 iacentem

91 975 280 1027 Occupat.

339 975 410 1014 Ille
440 986 533 1013 suae
565 980 702 1014 contra
733 985 812 1011 non
845 972 1040 1010 inmemor
1070 971 1165 1010 artis

91 1031 231 1070 Omnia
264 1031 518 1070 transformat
549 1043 637 1069 sese
668 1029 708 1068 in
739 1028 928 1067 miracula
960 1039 1104 1073 rerum,
1142 1068 1145 1069 γ

89 1088 316 1139 Ignemque,
347 1086 659 1138 horribilemque
691 1085 828 1132 feram,
859 1083 1101 1134 fluviumque
1131 1082 1361 1134 liquentem.

88 1144 231 1183 Verum
262 1143 328 1182 ubi
360 1143 462 1182 nulla
497 1143 624 1193 fugam
655 1141 806 1194 reperit
836 1139 1004 1187 fallacia,
1033 1140 1160 1182 victus

87 1200 133 1238 I'n
164 1212 253 1240 sese
284 1199 400 1246 redit,
433 1205 550 1250 atque
580 1195 755 1237 hominis
788 1197 945 1236 tandem
977 1208 1045 1235 ore
1075 1196 1253 1234 locutus:

86 1256 185 1295 Nam
217 1256 305 1307 quis
336 1260 388 1303 te,
421 1255 603 1294 iuvenum
636 1253 990 1299 confidentissime,
1022 1257 1179 1291 nostras

85 1311 209 1351 Iussit
237 1312 347 1351 adire
378 1309 549 1351 domos?
580 1310 722 1362 quidve
753 1309 847 1348 hinc
877 1306 1013 1361 petis?
1043 1308 1186 1360 inquit.

1246 1309 1295 1346 At
1324 1306 1411 1346 ille:

87 1367 188 1416 Seis,
220 1368 378 1414 Proteu‚
412 1368 492 1407 scis
523 1367 630 1419 ipse,
662 1379 790 1418 neque
822 1370 883 1405 est
911 1371 949 1405 te
981 1364 1117 1404 fallere
1149 1364 1381 1416 quicquam3

86 1424 165 1463 Sed
198 1430 238 1463 tu
271 1424 409 1464 desine
438 1424 551 1464 velle.

610 1424 734 1463 Deum
766 1428 979 1474 praecepta
1011 1420 1134 1460 secuti

85 1479 286 1527 Venimus,
318 1480 412 1519 hinc
442 1480 567 1532 lapsis
599 1479 820 1531 quaesitum
853 1477 1009 1516 oracula
1040 1476 1174 1516 rebus.

87 1535 255 1575 Tantum
287 1537 441 1575 effatus.

499 1536 555 1583 Ad
587 1537 686 1575 haec
715 1541 824 1574 vates
855 1534 891 1572 vi
925 1533 1096 1585 denique
1127 1532 1246 1571 multa

85 1591 271 1630 Ardentis
303 1592 440 1630 oculos
471 1592 631 1631 intorsit
659 1591 808 1630 lumine
839 1590 992 1639 glauco,

86 1647 135 1686 Et
165 1647 335 1697 graviter
364 1647 552 1686 frendens
585 1647 644 1685 sic
675 1647 767 1685 fatis
798 1658 865 1684 ora
897 1644 1080 1684 resolvit:

171 1703 259 1742 Non
292 1709 327 1742 te
358 1703 504 1742 nullius
536 1709 721 1742 exercent
751 1701 923 1740 numinis
955 1701 1059 1746 irae3

85 1761 226 1810 Magna
257 1759 333 1798 luis
367 1759 600 1798 commissa:
635 1758 704 1797 tibi
736 1758 808 1797 has
840 1755 1078 1796 miserabilis
1111 1754 1294 1806 Orpheus

87 1883 155 1914 tion
182 1882 242 1914 ist:
278 1885 361 1915 radii
385 1885 553 1924 coquebant
578 1893 649 1914 cara
673 1883 757 1921 llum.

86 1932 174 1970 tepef.
202 1929 241 1960 ad
265 1929 369 1959 limum
394 1926 456 1965 (bis
477 1926 538 1957 auf
552 1925 611 1957 den
634 1925 761 1964 Grund)

83 1975 223 2014 faucibus
249 1975 338 2005 siccis
363 1971 435 2011 (mit
451 1971 761 2011 ausgetrocknetenl

87 2016 249 2049 Schlunde
275 2017 305 2048 d.
334 2017 365 2048 h.
394 2016 606 2054 Flussheue).
638 2033 676 2038 —
708 2027 761 2048 ro-

83 2075 147 2095 rem
173 2073 328 2102 amarum,
355 2071 429 2092 vom
453 2060 670 2093 widerliohen
697 2060 761 2092 Ge-

85 2106 238 2139 sclnnack
264 2106 321 2138 des
349 2105 584 2138 Salzwassers.
621 2105 756 2137 Lucret.

84 2151 147 2189 lv,
185 2152 269 2184 440:
309 2163 360 2184 ros
393 2154 484 2184 salis:
512 2170 554 2175 —
598 2153 756 2193 disperyit.

83 2197 216 2229 Andere
249 2195 341 2227 LA.:
378 2199 531 2238 dispersit.
560 2214 601 2219 -—
640 2198 757 2238 Vesper,

85 2242 145 2281 der
177 2241 400 2273 Abendstern.
437 2259 475 2263 —
508 2243 541 2273 in
573 2253 638 2274 sese
668 2243 758 2273 redit.

85 2287 180 2319 Ovid.
209 2286 298 2318 Fast.
328 2285 352 2322 l,
382 2287 465 2318 374:
495 2289 626 2318 domitus
650 2287 759 2318 vinclis

83 2336 117 2365 in
141 2343 197 2364 sua
219 2334 351 2364 membra
376 2333 466 2364 redit.
492 2330 639 2362 Enserer
658 2328 760 2361 St'eue

85 2375 213 2408 fihnlich
247 2375 290 2408 ist
324 2375 420 2408 Ovid.
458 2374 536 2407 Met.
572 2374 638 2412 XI,
681 2375 756 2411 621,

84 2431 139 2453 wo
176 2431 211 2452 cs
235 2430 308 2452 vom
334 2423 462 2454 Somnus
488 2419 611 2452 heisst:
651 2431 761 2453 excus-

89 2470 128 2500 sit
154 2468 274 2498 tandem
299 2468 358 2499 sibi
381 2475 424 2498 se.

129 2511 299 2544 445-52.
326 2513 486 2553 numquis.
511 2508 666 2541 Servius:
695 2511 716 2542 i.
735 2520 760 2542 e.

86 2559 245 2599 quisnam
278 2557 369 2588 hodie
399 2567 469 2588 nam
499 2556 652 2598 particula
676 2558 762 2596 post-

81 2604 218 2643 ponitur,
246 2605 315 2633 anle
334 2603 598 2643 praeponebazur;
623 2597 689 2639 vgl.
717 2599 757 2629 A.

132 2655 219 2689 virgil
237 2654 260 2682 1.

1529 422 1589 455 430

1529 702 1587 737 435

1528 986 1587 1018 440

1529 1268 1587 1300 445

1528 1544 1585 1576 450

832 1878 878 1916 ΙΙ,
909 1879 985 1911 373.
1021 1894 1064 1901 —
1099 1889 1195 1919 neque
1228 1882 1271 1909 esc
1297 1881 1322 1908 te
1347 1879 1434 1918 s.‘q.,
1471 1884 1506 1906 cs
1554 1919 1557 1921 .

831 1924 875 1955 ist
893 1924 980 1955 nicht
996 1921 1148 1962 moglieh,
1176 1921 1248 1952 dich
1268 1920 1384 1960 irgend
1400 1919 1507 1950 worin

831 1979 871 2001 zu
891 1969 1068 2004 tiiuschen3
1097 1966 1161 2005 vgl.
1179 1966 1218 1997 A.
1233 1965 1287 2003 VI,
1311 1966 1387 1998 595.
1417 1963 1502 2002 VlII,

831 2015 907 2047 676.
935 2013 1052 2055 Zumpt
1077 2011 1097 2054 ξ
1124 2012 1200 2044 752.
1229 2030 1270 2034 -—
1296 2012 1390 2050 velle,
1419 2011 1508 2040 nilm-

829 2058 893 2090 lich
927 2061 1034 2101 fallere
1069 2069 1124 2089 me.
1161 2058 1214 2079 -’
1242 2058 1354 2088 lumine
1388 2056 1506 2096 ylauco.

830 2103 891 2136 Die
924 2103 1129 2142 Meergotter
1164 2110 1280 2131 waren
1313 2098 1503 2137 blauiiugig.

829 2167 869 2173 —
905 2147 1129 2190 Epileptische
1155 2145 1407 2185 Bewegungen,
1448 2143 1507 2174 ‹las

828 2193 1025 2226 Verdrehen
1051 2192 1111 2223 der
1129 2191 1242 2230 Augen
1269 2200 1300 2220 u.
1323 2188 1507 2219 Knirschen

831 2238 891 2270 der
914 2237 1026 2269 Ziihne
1056 2235 1221 2275 kiindigen
1249 2234 1308 2265 das
1334 2233 1507 2264 Eintreten

831 2284 890 2315 der
922 2281 1177 2321 weissagenden
1210 2279 1311 2311 Kraft
1340 2288 1400 2314 an,
1437 2276 1503 2316 vgl.

829 2330 868 2360 A.
898 2327 952 2364 VI,
982 2328 1099 2360 47-51.
1129 2326 1243 2358 77-80.
1279 2323 1434 2356 100-102.
1464 2339 1507 2344 —-

830 2376 914 2415 satis,
936 2368 1015 2404 'zum
1039 2370 1255 2410 Weissagen.

1387 2409 1503 2453 p.V11.

875 2418 1042 2451 453—59.
1071 2418 1200 2453 nullius,
1222 2425 1248 2445 s.
1272 2410 1358 2443 Einl.

830 2481 870 2487 —
898 2462 969 2494 Den
993 2460 1081 2492 Zorn
1105 2459 1253 2490 weh-her
1278 2455 1427 2489 Gouheit
1452 2455 1508 2487 hat

830 2507 934 2539 Arist.
964 2506 1101 2545 erregt?
1132 2503 1208 2543 vgl.
1236 2513 1267 2533 v.
1295 2501 1430 2534 532-34.
1464 2517 1509 2523 -—

829 2565 940 2595 maqna
972 2554 1031 2584 luis
1064 2561 1167 2583 comm..
1209 2546 1335 2579 VVorin
1366 2544 1508 2577 hestand

831 2598 884 2630 die
911 2595 1031 2629 Schuld
1053 2594 1111 2625 des
1133 2592 1236 2624 Arist.
1250 2593 1266 2622 ⁶?
1283 2590 1360 2631 Vgl.
1381 2601 1412 2622 v.
1427 2591 1504 2623 457.

1264 2646 1304 2678 11
